%YAML 1.1
%TAG !u! tag:unity3d.com,2011:
--- !u!29 &1
OcclusionCullingSettings:
  m_ObjectHideFlags: 0
  serializedVersion: 2
  m_OcclusionBakeSettings:
    smallestOccluder: 5
    smallestHole: 0.25
    backfaceThreshold: 100
  m_SceneGUID: 00000000000000000000000000000000
  m_OcclusionCullingData: {fileID: 0}
--- !u!104 &2
RenderSettings:
  m_ObjectHideFlags: 0
  serializedVersion: 9
  m_Fog: 0
  m_FogColor: {r: 0.5, g: 0.5, b: 0.5, a: 1}
  m_FogMode: 3
  m_FogDensity: 0.01
  m_LinearFogStart: 0
  m_LinearFogEnd: 300
  m_AmbientSkyColor: {r: 0.212, g: 0.227, b: 0.259, a: 1}
  m_AmbientEquatorColor: {r: 0.114, g: 0.125, b: 0.133, a: 1}
  m_AmbientGroundColor: {r: 0.047, g: 0.043, b: 0.035, a: 1}
  m_AmbientIntensity: 1
  m_AmbientMode: 0
  m_SubtractiveShadowColor: {r: 0.42, g: 0.478, b: 0.627, a: 1}
  m_SkyboxMaterial: {fileID: 2100000, guid: f7c940b83d0ea1745ae0bb6c3a4154a2, type: 2}
  m_HaloStrength: 0.5
  m_FlareStrength: 1
  m_FlareFadeSpeed: 3
  m_HaloTexture: {fileID: 0}
  m_SpotCookie: {fileID: 10001, guid: 0000000000000000e000000000000000, type: 0}
  m_DefaultReflectionMode: 0
  m_DefaultReflectionResolution: 128
  m_ReflectionBounces: 1
  m_ReflectionIntensity: 1
  m_CustomReflection: {fileID: 0}
  m_Sun: {fileID: 705507994}
  m_IndirectSpecularColor: {r: 2.0348983, g: 1.8978536, b: 0.13530767, a: 1}
  m_UseRadianceAmbientProbe: 0
--- !u!157 &3
LightmapSettings:
  m_ObjectHideFlags: 0
  serializedVersion: 12
  m_GIWorkflowMode: 1
  m_GISettings:
    serializedVersion: 2
    m_BounceScale: 1
    m_IndirectOutputScale: 1
    m_AlbedoBoost: 1
    m_EnvironmentLightingMode: 0
    m_EnableBakedLightmaps: 1
    m_EnableRealtimeLightmaps: 0
  m_LightmapEditorSettings:
    serializedVersion: 12
    m_Resolution: 2
    m_BakeResolution: 40
    m_AtlasSize: 1024
    m_AO: 0
    m_AOMaxDistance: 1
    m_CompAOExponent: 1
    m_CompAOExponentDirect: 0
    m_ExtractAmbientOcclusion: 0
    m_Padding: 2
    m_LightmapParameters: {fileID: 0}
    m_LightmapsBakeMode: 1
    m_TextureCompression: 1
    m_FinalGather: 0
    m_FinalGatherFiltering: 1
    m_FinalGatherRayCount: 256
    m_ReflectionCompression: 2
    m_MixedBakeMode: 2
    m_BakeBackend: 1
    m_PVRSampling: 1
    m_PVRDirectSampleCount: 32
    m_PVRSampleCount: 500
    m_PVRBounces: 2
    m_PVREnvironmentSampleCount: 500
    m_PVREnvironmentReferencePointCount: 2048
    m_PVRFilteringMode: 2
    m_PVRDenoiserTypeDirect: 0
    m_PVRDenoiserTypeIndirect: 0
    m_PVRDenoiserTypeAO: 0
    m_PVRFilterTypeDirect: 0
    m_PVRFilterTypeIndirect: 0
    m_PVRFilterTypeAO: 0
    m_PVREnvironmentMIS: 0
    m_PVRCulling: 1
    m_PVRFilteringGaussRadiusDirect: 1
    m_PVRFilteringGaussRadiusIndirect: 5
    m_PVRFilteringGaussRadiusAO: 2
    m_PVRFilteringAtrousPositionSigmaDirect: 0.5
    m_PVRFilteringAtrousPositionSigmaIndirect: 2
    m_PVRFilteringAtrousPositionSigmaAO: 1
    m_ExportTrainingData: 0
    m_TrainingDataDestination: TrainingData
    m_LightProbeSampleCountMultiplier: 4
  m_LightingDataAsset: {fileID: 0}
  m_LightingSettings: {fileID: 4890085278179872738, guid: 5728f0d0b44237345987482216c195f0, type: 2}
--- !u!196 &4
NavMeshSettings:
  serializedVersion: 2
  m_ObjectHideFlags: 0
  m_BuildSettings:
    serializedVersion: 2
    agentTypeID: 0
    agentRadius: 0.5
    agentHeight: 2
    agentSlope: 45
    agentClimb: 2
    ledgeDropHeight: 0
    maxJumpAcrossDistance: 0
    minRegionArea: 2
    manualCellSize: 0
    cellSize: 0.16666667
    manualTileSize: 0
    tileSize: 256
    accuratePlacement: 0
    maxJobWorkers: 0
    preserveTilesOutsideBounds: 0
    debug:
      m_Flags: 0
  m_NavMeshData: {fileID: 23800000, guid: bbbfd921184615b4fa025e01bd10ef87, type: 2}
--- !u!1001 &68222704
PrefabInstance:
  m_ObjectHideFlags: 0
  serializedVersion: 2
  m_Modification:
    m_TransformParent: {fileID: 1738570672}
    m_Modifications:
    - target: {fileID: 100000, guid: 5862bbfe91a75054ca72c13b555b6ac5, type: 3}
      propertyPath: m_Name
      value: HousePrototype16x16x24 (7)
      objectReference: {fileID: 0}
    - target: {fileID: 400000, guid: 5862bbfe91a75054ca72c13b555b6ac5, type: 3}
      propertyPath: m_RootOrder
      value: 12
      objectReference: {fileID: 0}
    - target: {fileID: 400000, guid: 5862bbfe91a75054ca72c13b555b6ac5, type: 3}
      propertyPath: m_LocalPosition.x
      value: 26.3
      objectReference: {fileID: 0}
    - target: {fileID: 400000, guid: 5862bbfe91a75054ca72c13b555b6ac5, type: 3}
      propertyPath: m_LocalPosition.y
      value: 0.1
      objectReference: {fileID: 0}
    - target: {fileID: 400000, guid: 5862bbfe91a75054ca72c13b555b6ac5, type: 3}
      propertyPath: m_LocalPosition.z
      value: 23.4
      objectReference: {fileID: 0}
    - target: {fileID: 400000, guid: 5862bbfe91a75054ca72c13b555b6ac5, type: 3}
      propertyPath: m_LocalRotation.w
      value: 0.699863
      objectReference: {fileID: 0}
    - target: {fileID: 400000, guid: 5862bbfe91a75054ca72c13b555b6ac5, type: 3}
      propertyPath: m_LocalRotation.x
      value: -0
      objectReference: {fileID: 0}
    - target: {fileID: 400000, guid: 5862bbfe91a75054ca72c13b555b6ac5, type: 3}
      propertyPath: m_LocalRotation.y
      value: 0.71427715
      objectReference: {fileID: 0}
    - target: {fileID: 400000, guid: 5862bbfe91a75054ca72c13b555b6ac5, type: 3}
      propertyPath: m_LocalRotation.z
      value: -0
      objectReference: {fileID: 0}
    - target: {fileID: 400000, guid: 5862bbfe91a75054ca72c13b555b6ac5, type: 3}
      propertyPath: m_LocalEulerAnglesHint.x
      value: 0
      objectReference: {fileID: 0}
    - target: {fileID: 400000, guid: 5862bbfe91a75054ca72c13b555b6ac5, type: 3}
      propertyPath: m_LocalEulerAnglesHint.y
      value: 91.168
      objectReference: {fileID: 0}
    - target: {fileID: 400000, guid: 5862bbfe91a75054ca72c13b555b6ac5, type: 3}
      propertyPath: m_LocalEulerAnglesHint.z
      value: 0
      objectReference: {fileID: 0}
    - target: {fileID: 2300000, guid: 5862bbfe91a75054ca72c13b555b6ac5, type: 3}
      propertyPath: m_Materials.Array.data[0]
      value: 
      objectReference: {fileID: 2100000, guid: 6cf1e1a698aeb094e8efe815b04cb07d, type: 2}
    m_RemovedComponents: []
  m_SourcePrefab: {fileID: 100100000, guid: 5862bbfe91a75054ca72c13b555b6ac5, type: 3}
--- !u!1 &157991558
GameObject:
  m_ObjectHideFlags: 0
  m_CorrespondingSourceObject: {fileID: 0}
  m_PrefabInstance: {fileID: 0}
  m_PrefabAsset: {fileID: 0}
  serializedVersion: 6
  m_Component:
  - component: {fileID: 157991559}
  - component: {fileID: 157991560}
  m_Layer: 0
  m_Name: Test
  m_TagString: Untagged
  m_Icon: {fileID: 0}
  m_NavMeshLayer: 0
  m_StaticEditorFlags: 0
  m_IsActive: 1
--- !u!4 &157991559
Transform:
  m_ObjectHideFlags: 0
  m_CorrespondingSourceObject: {fileID: 0}
  m_PrefabInstance: {fileID: 0}
  m_PrefabAsset: {fileID: 0}
  m_GameObject: {fileID: 157991558}
  m_LocalRotation: {x: 0, y: 0, z: 0, w: 1}
  m_LocalPosition: {x: 0, y: 0, z: 0}
  m_LocalScale: {x: 1, y: 1, z: 1}
  m_Children: []
  m_Father: {fileID: 0}
  m_RootOrder: 4
  m_LocalEulerAnglesHint: {x: 0, y: 0, z: 0}
--- !u!114 &157991560
MonoBehaviour:
  m_ObjectHideFlags: 0
  m_CorrespondingSourceObject: {fileID: 0}
  m_PrefabInstance: {fileID: 0}
  m_PrefabAsset: {fileID: 0}
  m_GameObject: {fileID: 157991558}
  m_Enabled: 1
  m_EditorHideFlags: 0
  m_Script: {fileID: 11500000, guid: 5398c8bd424496b4aa768890c05968f9, type: 3}
  m_Name: 
  m_EditorClassIdentifier: 
  isEventStart: 0
--- !u!1001 &197104417
PrefabInstance:
  m_ObjectHideFlags: 0
  serializedVersion: 2
  m_Modification:
    m_TransformParent: {fileID: 1738570672}
    m_Modifications:
    - target: {fileID: 100000, guid: 5862bbfe91a75054ca72c13b555b6ac5, type: 3}
      propertyPath: m_Name
      value: HousePrototype16x16x24 (3)
      objectReference: {fileID: 0}
    - target: {fileID: 400000, guid: 5862bbfe91a75054ca72c13b555b6ac5, type: 3}
      propertyPath: m_RootOrder
      value: 9
      objectReference: {fileID: 0}
    - target: {fileID: 400000, guid: 5862bbfe91a75054ca72c13b555b6ac5, type: 3}
      propertyPath: m_LocalPosition.x
      value: 23.15
      objectReference: {fileID: 0}
    - target: {fileID: 400000, guid: 5862bbfe91a75054ca72c13b555b6ac5, type: 3}
      propertyPath: m_LocalPosition.y
      value: 0.1
      objectReference: {fileID: 0}
    - target: {fileID: 400000, guid: 5862bbfe91a75054ca72c13b555b6ac5, type: 3}
      propertyPath: m_LocalPosition.z
      value: -31
      objectReference: {fileID: 0}
    - target: {fileID: 400000, guid: 5862bbfe91a75054ca72c13b555b6ac5, type: 3}
      propertyPath: m_LocalRotation.w
      value: 1
      objectReference: {fileID: 0}
    - target: {fileID: 400000, guid: 5862bbfe91a75054ca72c13b555b6ac5, type: 3}
      propertyPath: m_LocalRotation.x
      value: -0
      objectReference: {fileID: 0}
    - target: {fileID: 400000, guid: 5862bbfe91a75054ca72c13b555b6ac5, type: 3}
      propertyPath: m_LocalRotation.y
      value: -0
      objectReference: {fileID: 0}
    - target: {fileID: 400000, guid: 5862bbfe91a75054ca72c13b555b6ac5, type: 3}
      propertyPath: m_LocalRotation.z
      value: -0
      objectReference: {fileID: 0}
    - target: {fileID: 400000, guid: 5862bbfe91a75054ca72c13b555b6ac5, type: 3}
      propertyPath: m_LocalEulerAnglesHint.x
      value: 0
      objectReference: {fileID: 0}
    - target: {fileID: 400000, guid: 5862bbfe91a75054ca72c13b555b6ac5, type: 3}
      propertyPath: m_LocalEulerAnglesHint.y
      value: 0
      objectReference: {fileID: 0}
    - target: {fileID: 400000, guid: 5862bbfe91a75054ca72c13b555b6ac5, type: 3}
      propertyPath: m_LocalEulerAnglesHint.z
      value: 0
      objectReference: {fileID: 0}
    - target: {fileID: 2300000, guid: 5862bbfe91a75054ca72c13b555b6ac5, type: 3}
      propertyPath: m_Materials.Array.data[0]
      value: 
      objectReference: {fileID: 2100000, guid: 6cf1e1a698aeb094e8efe815b04cb07d, type: 2}
    m_RemovedComponents: []
  m_SourcePrefab: {fileID: 100100000, guid: 5862bbfe91a75054ca72c13b555b6ac5, type: 3}
--- !u!1001 &203317083
PrefabInstance:
  m_ObjectHideFlags: 0
  serializedVersion: 2
  m_Modification:
    m_TransformParent: {fileID: 0}
    m_Modifications:
    - target: {fileID: 6426787545624524634, guid: 6698c9a202af3424b881d5d2a6966c41, type: 3}
      propertyPath: m_Name
      value: ZombieEnemy (5)
      objectReference: {fileID: 0}
    - target: {fileID: 6426787545624524638, guid: 6698c9a202af3424b881d5d2a6966c41, type: 3}
      propertyPath: m_RootOrder
      value: 15
      objectReference: {fileID: 0}
    - target: {fileID: 6426787545624524638, guid: 6698c9a202af3424b881d5d2a6966c41, type: 3}
      propertyPath: m_LocalScale.x
      value: 5.0554767
      objectReference: {fileID: 0}
    - target: {fileID: 6426787545624524638, guid: 6698c9a202af3424b881d5d2a6966c41, type: 3}
      propertyPath: m_LocalScale.y
      value: 4.4039083
      objectReference: {fileID: 0}
    - target: {fileID: 6426787545624524638, guid: 6698c9a202af3424b881d5d2a6966c41, type: 3}
      propertyPath: m_LocalScale.z
      value: 2.4196625
      objectReference: {fileID: 0}
    - target: {fileID: 6426787545624524638, guid: 6698c9a202af3424b881d5d2a6966c41, type: 3}
      propertyPath: m_LocalPosition.x
      value: 163.5
      objectReference: {fileID: 0}
    - target: {fileID: 6426787545624524638, guid: 6698c9a202af3424b881d5d2a6966c41, type: 3}
      propertyPath: m_LocalPosition.y
      value: -6.6
      objectReference: {fileID: 0}
    - target: {fileID: 6426787545624524638, guid: 6698c9a202af3424b881d5d2a6966c41, type: 3}
      propertyPath: m_LocalPosition.z
      value: 95
      objectReference: {fileID: 0}
    - target: {fileID: 6426787545624524638, guid: 6698c9a202af3424b881d5d2a6966c41, type: 3}
      propertyPath: m_LocalRotation.w
      value: 1
      objectReference: {fileID: 0}
    - target: {fileID: 6426787545624524638, guid: 6698c9a202af3424b881d5d2a6966c41, type: 3}
      propertyPath: m_LocalRotation.x
      value: -0
      objectReference: {fileID: 0}
    - target: {fileID: 6426787545624524638, guid: 6698c9a202af3424b881d5d2a6966c41, type: 3}
      propertyPath: m_LocalRotation.y
      value: -0
      objectReference: {fileID: 0}
    - target: {fileID: 6426787545624524638, guid: 6698c9a202af3424b881d5d2a6966c41, type: 3}
      propertyPath: m_LocalRotation.z
      value: -0
      objectReference: {fileID: 0}
    - target: {fileID: 6426787545624524638, guid: 6698c9a202af3424b881d5d2a6966c41, type: 3}
      propertyPath: m_LocalEulerAnglesHint.x
      value: 0
      objectReference: {fileID: 0}
    - target: {fileID: 6426787545624524638, guid: 6698c9a202af3424b881d5d2a6966c41, type: 3}
      propertyPath: m_LocalEulerAnglesHint.y
      value: 0
      objectReference: {fileID: 0}
    - target: {fileID: 6426787545624524638, guid: 6698c9a202af3424b881d5d2a6966c41, type: 3}
      propertyPath: m_LocalEulerAnglesHint.z
      value: 0
      objectReference: {fileID: 0}
    m_RemovedComponents: []
  m_SourcePrefab: {fileID: 100100000, guid: 6698c9a202af3424b881d5d2a6966c41, type: 3}
--- !u!1001 &297599888
PrefabInstance:
  m_ObjectHideFlags: 0
  serializedVersion: 2
  m_Modification:
    m_TransformParent: {fileID: 1738570672}
    m_Modifications:
    - target: {fileID: 100000, guid: 5862bbfe91a75054ca72c13b555b6ac5, type: 3}
      propertyPath: m_Name
      value: HousePrototype16x16x24 (5)
      objectReference: {fileID: 0}
    - target: {fileID: 400000, guid: 5862bbfe91a75054ca72c13b555b6ac5, type: 3}
      propertyPath: m_RootOrder
      value: 10
      objectReference: {fileID: 0}
    - target: {fileID: 400000, guid: 5862bbfe91a75054ca72c13b555b6ac5, type: 3}
      propertyPath: m_LocalPosition.x
      value: 1.8
      objectReference: {fileID: 0}
    - target: {fileID: 400000, guid: 5862bbfe91a75054ca72c13b555b6ac5, type: 3}
      propertyPath: m_LocalPosition.y
      value: 0.1
      objectReference: {fileID: 0}
    - target: {fileID: 400000, guid: 5862bbfe91a75054ca72c13b555b6ac5, type: 3}
      propertyPath: m_LocalPosition.z
      value: 36
      objectReference: {fileID: 0}
    - target: {fileID: 400000, guid: 5862bbfe91a75054ca72c13b555b6ac5, type: 3}
      propertyPath: m_LocalRotation.w
      value: 1
      objectReference: {fileID: 0}
    - target: {fileID: 400000, guid: 5862bbfe91a75054ca72c13b555b6ac5, type: 3}
      propertyPath: m_LocalRotation.x
      value: -0
      objectReference: {fileID: 0}
    - target: {fileID: 400000, guid: 5862bbfe91a75054ca72c13b555b6ac5, type: 3}
      propertyPath: m_LocalRotation.y
      value: -0
      objectReference: {fileID: 0}
    - target: {fileID: 400000, guid: 5862bbfe91a75054ca72c13b555b6ac5, type: 3}
      propertyPath: m_LocalRotation.z
      value: -0
      objectReference: {fileID: 0}
    - target: {fileID: 400000, guid: 5862bbfe91a75054ca72c13b555b6ac5, type: 3}
      propertyPath: m_LocalEulerAnglesHint.x
      value: 0
      objectReference: {fileID: 0}
    - target: {fileID: 400000, guid: 5862bbfe91a75054ca72c13b555b6ac5, type: 3}
      propertyPath: m_LocalEulerAnglesHint.y
      value: 0
      objectReference: {fileID: 0}
    - target: {fileID: 400000, guid: 5862bbfe91a75054ca72c13b555b6ac5, type: 3}
      propertyPath: m_LocalEulerAnglesHint.z
      value: 0
      objectReference: {fileID: 0}
    - target: {fileID: 2300000, guid: 5862bbfe91a75054ca72c13b555b6ac5, type: 3}
      propertyPath: m_Materials.Array.data[0]
      value: 
      objectReference: {fileID: 2100000, guid: 6cf1e1a698aeb094e8efe815b04cb07d, type: 2}
    m_RemovedComponents: []
  m_SourcePrefab: {fileID: 100100000, guid: 5862bbfe91a75054ca72c13b555b6ac5, type: 3}
--- !u!1001 &319216535
PrefabInstance:
  m_ObjectHideFlags: 0
  serializedVersion: 2
  m_Modification:
    m_TransformParent: {fileID: 0}
    m_Modifications:
    - target: {fileID: 6426787545624524634, guid: 6698c9a202af3424b881d5d2a6966c41, type: 3}
      propertyPath: m_Name
      value: ZombieEnemy (2)
      objectReference: {fileID: 0}
    - target: {fileID: 6426787545624524638, guid: 6698c9a202af3424b881d5d2a6966c41, type: 3}
      propertyPath: m_RootOrder
      value: 14
      objectReference: {fileID: 0}
    - target: {fileID: 6426787545624524638, guid: 6698c9a202af3424b881d5d2a6966c41, type: 3}
      propertyPath: m_LocalScale.x
      value: 5.0554767
      objectReference: {fileID: 0}
    - target: {fileID: 6426787545624524638, guid: 6698c9a202af3424b881d5d2a6966c41, type: 3}
      propertyPath: m_LocalScale.y
      value: 4.4039083
      objectReference: {fileID: 0}
    - target: {fileID: 6426787545624524638, guid: 6698c9a202af3424b881d5d2a6966c41, type: 3}
      propertyPath: m_LocalScale.z
      value: 2.4196625
      objectReference: {fileID: 0}
    - target: {fileID: 6426787545624524638, guid: 6698c9a202af3424b881d5d2a6966c41, type: 3}
      propertyPath: m_LocalPosition.x
      value: 163.5
      objectReference: {fileID: 0}
    - target: {fileID: 6426787545624524638, guid: 6698c9a202af3424b881d5d2a6966c41, type: 3}
      propertyPath: m_LocalPosition.y
      value: 10.12
      objectReference: {fileID: 0}
    - target: {fileID: 6426787545624524638, guid: 6698c9a202af3424b881d5d2a6966c41, type: 3}
      propertyPath: m_LocalPosition.z
      value: 123.3
      objectReference: {fileID: 0}
    - target: {fileID: 6426787545624524638, guid: 6698c9a202af3424b881d5d2a6966c41, type: 3}
      propertyPath: m_LocalRotation.w
      value: 1
      objectReference: {fileID: 0}
    - target: {fileID: 6426787545624524638, guid: 6698c9a202af3424b881d5d2a6966c41, type: 3}
      propertyPath: m_LocalRotation.x
      value: -0
      objectReference: {fileID: 0}
    - target: {fileID: 6426787545624524638, guid: 6698c9a202af3424b881d5d2a6966c41, type: 3}
      propertyPath: m_LocalRotation.y
      value: -0
      objectReference: {fileID: 0}
    - target: {fileID: 6426787545624524638, guid: 6698c9a202af3424b881d5d2a6966c41, type: 3}
      propertyPath: m_LocalRotation.z
      value: -0
      objectReference: {fileID: 0}
    - target: {fileID: 6426787545624524638, guid: 6698c9a202af3424b881d5d2a6966c41, type: 3}
      propertyPath: m_LocalEulerAnglesHint.x
      value: 0
      objectReference: {fileID: 0}
    - target: {fileID: 6426787545624524638, guid: 6698c9a202af3424b881d5d2a6966c41, type: 3}
      propertyPath: m_LocalEulerAnglesHint.y
      value: 0
      objectReference: {fileID: 0}
    - target: {fileID: 6426787545624524638, guid: 6698c9a202af3424b881d5d2a6966c41, type: 3}
      propertyPath: m_LocalEulerAnglesHint.z
      value: 0
      objectReference: {fileID: 0}
    m_RemovedComponents: []
  m_SourcePrefab: {fileID: 100100000, guid: 6698c9a202af3424b881d5d2a6966c41, type: 3}
--- !u!1001 &358367369
PrefabInstance:
  m_ObjectHideFlags: 0
  serializedVersion: 2
  m_Modification:
    m_TransformParent: {fileID: 0}
    m_Modifications:
    - target: {fileID: 6426787545624524634, guid: 6698c9a202af3424b881d5d2a6966c41, type: 3}
      propertyPath: m_Name
      value: ZombieEnemy (1)
      objectReference: {fileID: 0}
    - target: {fileID: 6426787545624524638, guid: 6698c9a202af3424b881d5d2a6966c41, type: 3}
      propertyPath: m_RootOrder
      value: 12
      objectReference: {fileID: 0}
    - target: {fileID: 6426787545624524638, guid: 6698c9a202af3424b881d5d2a6966c41, type: 3}
      propertyPath: m_LocalScale.x
      value: 5.0554767
      objectReference: {fileID: 0}
    - target: {fileID: 6426787545624524638, guid: 6698c9a202af3424b881d5d2a6966c41, type: 3}
      propertyPath: m_LocalScale.y
      value: 4.4039083
      objectReference: {fileID: 0}
    - target: {fileID: 6426787545624524638, guid: 6698c9a202af3424b881d5d2a6966c41, type: 3}
      propertyPath: m_LocalScale.z
      value: 2.4196625
      objectReference: {fileID: 0}
    - target: {fileID: 6426787545624524638, guid: 6698c9a202af3424b881d5d2a6966c41, type: 3}
      propertyPath: m_LocalPosition.x
      value: -14.678453
      objectReference: {fileID: 0}
    - target: {fileID: 6426787545624524638, guid: 6698c9a202af3424b881d5d2a6966c41, type: 3}
      propertyPath: m_LocalPosition.y
      value: 0.1554277
      objectReference: {fileID: 0}
    - target: {fileID: 6426787545624524638, guid: 6698c9a202af3424b881d5d2a6966c41, type: 3}
      propertyPath: m_LocalPosition.z
      value: -10.6
      objectReference: {fileID: 0}
    - target: {fileID: 6426787545624524638, guid: 6698c9a202af3424b881d5d2a6966c41, type: 3}
      propertyPath: m_LocalRotation.w
      value: 1
      objectReference: {fileID: 0}
    - target: {fileID: 6426787545624524638, guid: 6698c9a202af3424b881d5d2a6966c41, type: 3}
      propertyPath: m_LocalRotation.x
      value: -0
      objectReference: {fileID: 0}
    - target: {fileID: 6426787545624524638, guid: 6698c9a202af3424b881d5d2a6966c41, type: 3}
      propertyPath: m_LocalRotation.y
      value: -0
      objectReference: {fileID: 0}
    - target: {fileID: 6426787545624524638, guid: 6698c9a202af3424b881d5d2a6966c41, type: 3}
      propertyPath: m_LocalRotation.z
      value: -0
      objectReference: {fileID: 0}
    - target: {fileID: 6426787545624524638, guid: 6698c9a202af3424b881d5d2a6966c41, type: 3}
      propertyPath: m_LocalEulerAnglesHint.x
      value: 0
      objectReference: {fileID: 0}
    - target: {fileID: 6426787545624524638, guid: 6698c9a202af3424b881d5d2a6966c41, type: 3}
      propertyPath: m_LocalEulerAnglesHint.y
      value: 0
      objectReference: {fileID: 0}
    - target: {fileID: 6426787545624524638, guid: 6698c9a202af3424b881d5d2a6966c41, type: 3}
      propertyPath: m_LocalEulerAnglesHint.z
      value: 0
      objectReference: {fileID: 0}
    m_RemovedComponents: []
  m_SourcePrefab: {fileID: 100100000, guid: 6698c9a202af3424b881d5d2a6966c41, type: 3}
--- !u!1001 &405880421
PrefabInstance:
  m_ObjectHideFlags: 0
  serializedVersion: 2
  m_Modification:
    m_TransformParent: {fileID: 0}
    m_Modifications:
    - target: {fileID: 6426787545624524634, guid: 6698c9a202af3424b881d5d2a6966c41, type: 3}
      propertyPath: m_Name
      value: ZombieEnemy (7)
      objectReference: {fileID: 0}
    - target: {fileID: 6426787545624524638, guid: 6698c9a202af3424b881d5d2a6966c41, type: 3}
      propertyPath: m_RootOrder
      value: 17
      objectReference: {fileID: 0}
    - target: {fileID: 6426787545624524638, guid: 6698c9a202af3424b881d5d2a6966c41, type: 3}
      propertyPath: m_LocalScale.x
      value: 5.0554767
      objectReference: {fileID: 0}
    - target: {fileID: 6426787545624524638, guid: 6698c9a202af3424b881d5d2a6966c41, type: 3}
      propertyPath: m_LocalScale.y
      value: 4.4039083
      objectReference: {fileID: 0}
    - target: {fileID: 6426787545624524638, guid: 6698c9a202af3424b881d5d2a6966c41, type: 3}
      propertyPath: m_LocalScale.z
      value: 2.4196625
      objectReference: {fileID: 0}
    - target: {fileID: 6426787545624524638, guid: 6698c9a202af3424b881d5d2a6966c41, type: 3}
      propertyPath: m_LocalPosition.x
      value: 123.8
      objectReference: {fileID: 0}
    - target: {fileID: 6426787545624524638, guid: 6698c9a202af3424b881d5d2a6966c41, type: 3}
      propertyPath: m_LocalPosition.y
      value: -6.0554276
      objectReference: {fileID: 0}
    - target: {fileID: 6426787545624524638, guid: 6698c9a202af3424b881d5d2a6966c41, type: 3}
      propertyPath: m_LocalPosition.z
      value: 95
      objectReference: {fileID: 0}
    - target: {fileID: 6426787545624524638, guid: 6698c9a202af3424b881d5d2a6966c41, type: 3}
      propertyPath: m_LocalRotation.w
      value: 1
      objectReference: {fileID: 0}
    - target: {fileID: 6426787545624524638, guid: 6698c9a202af3424b881d5d2a6966c41, type: 3}
      propertyPath: m_LocalRotation.x
      value: -0
      objectReference: {fileID: 0}
    - target: {fileID: 6426787545624524638, guid: 6698c9a202af3424b881d5d2a6966c41, type: 3}
      propertyPath: m_LocalRotation.y
      value: -0
      objectReference: {fileID: 0}
    - target: {fileID: 6426787545624524638, guid: 6698c9a202af3424b881d5d2a6966c41, type: 3}
      propertyPath: m_LocalRotation.z
      value: -0
      objectReference: {fileID: 0}
    - target: {fileID: 6426787545624524638, guid: 6698c9a202af3424b881d5d2a6966c41, type: 3}
      propertyPath: m_LocalEulerAnglesHint.x
      value: 0
      objectReference: {fileID: 0}
    - target: {fileID: 6426787545624524638, guid: 6698c9a202af3424b881d5d2a6966c41, type: 3}
      propertyPath: m_LocalEulerAnglesHint.y
      value: 0
      objectReference: {fileID: 0}
    - target: {fileID: 6426787545624524638, guid: 6698c9a202af3424b881d5d2a6966c41, type: 3}
      propertyPath: m_LocalEulerAnglesHint.z
      value: 0
      objectReference: {fileID: 0}
    m_RemovedComponents: []
  m_SourcePrefab: {fileID: 100100000, guid: 6698c9a202af3424b881d5d2a6966c41, type: 3}
--- !u!1001 &476364789
PrefabInstance:
  m_ObjectHideFlags: 0
  serializedVersion: 2
  m_Modification:
    m_TransformParent: {fileID: 0}
    m_Modifications:
    - target: {fileID: 6426787545624524634, guid: 6698c9a202af3424b881d5d2a6966c41, type: 3}
      propertyPath: m_Name
      value: ZombieEnemy (3)
      objectReference: {fileID: 0}
    - target: {fileID: 6426787545624524638, guid: 6698c9a202af3424b881d5d2a6966c41, type: 3}
      propertyPath: m_RootOrder
      value: 13
      objectReference: {fileID: 0}
    - target: {fileID: 6426787545624524638, guid: 6698c9a202af3424b881d5d2a6966c41, type: 3}
      propertyPath: m_LocalScale.x
      value: 5.0554767
      objectReference: {fileID: 0}
    - target: {fileID: 6426787545624524638, guid: 6698c9a202af3424b881d5d2a6966c41, type: 3}
      propertyPath: m_LocalScale.y
      value: 4.4039083
      objectReference: {fileID: 0}
    - target: {fileID: 6426787545624524638, guid: 6698c9a202af3424b881d5d2a6966c41, type: 3}
      propertyPath: m_LocalScale.z
      value: 2.4196625
      objectReference: {fileID: 0}
    - target: {fileID: 6426787545624524638, guid: 6698c9a202af3424b881d5d2a6966c41, type: 3}
      propertyPath: m_LocalPosition.x
      value: 157.22845
      objectReference: {fileID: 0}
    - target: {fileID: 6426787545624524638, guid: 6698c9a202af3424b881d5d2a6966c41, type: 3}
      propertyPath: m_LocalPosition.y
      value: 10.664572
      objectReference: {fileID: 0}
    - target: {fileID: 6426787545624524638, guid: 6698c9a202af3424b881d5d2a6966c41, type: 3}
      propertyPath: m_LocalPosition.z
      value: 123.3
      objectReference: {fileID: 0}
    - target: {fileID: 6426787545624524638, guid: 6698c9a202af3424b881d5d2a6966c41, type: 3}
      propertyPath: m_LocalRotation.w
      value: 1
      objectReference: {fileID: 0}
    - target: {fileID: 6426787545624524638, guid: 6698c9a202af3424b881d5d2a6966c41, type: 3}
      propertyPath: m_LocalRotation.x
      value: -0
      objectReference: {fileID: 0}
    - target: {fileID: 6426787545624524638, guid: 6698c9a202af3424b881d5d2a6966c41, type: 3}
      propertyPath: m_LocalRotation.y
      value: -0
      objectReference: {fileID: 0}
    - target: {fileID: 6426787545624524638, guid: 6698c9a202af3424b881d5d2a6966c41, type: 3}
      propertyPath: m_LocalRotation.z
      value: -0
      objectReference: {fileID: 0}
    - target: {fileID: 6426787545624524638, guid: 6698c9a202af3424b881d5d2a6966c41, type: 3}
      propertyPath: m_LocalEulerAnglesHint.x
      value: 0
      objectReference: {fileID: 0}
    - target: {fileID: 6426787545624524638, guid: 6698c9a202af3424b881d5d2a6966c41, type: 3}
      propertyPath: m_LocalEulerAnglesHint.y
      value: 0
      objectReference: {fileID: 0}
    - target: {fileID: 6426787545624524638, guid: 6698c9a202af3424b881d5d2a6966c41, type: 3}
      propertyPath: m_LocalEulerAnglesHint.z
      value: 0
      objectReference: {fileID: 0}
    m_RemovedComponents: []
  m_SourcePrefab: {fileID: 100100000, guid: 6698c9a202af3424b881d5d2a6966c41, type: 3}
--- !u!1001 &555257857
PrefabInstance:
  m_ObjectHideFlags: 0
  serializedVersion: 2
  m_Modification:
    m_TransformParent: {fileID: 1738570672}
    m_Modifications:
    - target: {fileID: 100000, guid: 5862bbfe91a75054ca72c13b555b6ac5, type: 3}
      propertyPath: m_Name
      value: HousePrototype16x16x24 (1)
      objectReference: {fileID: 0}
    - target: {fileID: 400000, guid: 5862bbfe91a75054ca72c13b555b6ac5, type: 3}
      propertyPath: m_RootOrder
      value: 7
      objectReference: {fileID: 0}
    - target: {fileID: 400000, guid: 5862bbfe91a75054ca72c13b555b6ac5, type: 3}
      propertyPath: m_LocalPosition.x
      value: -16.3
      objectReference: {fileID: 0}
    - target: {fileID: 400000, guid: 5862bbfe91a75054ca72c13b555b6ac5, type: 3}
      propertyPath: m_LocalPosition.y
      value: 0.1
      objectReference: {fileID: 0}
    - target: {fileID: 400000, guid: 5862bbfe91a75054ca72c13b555b6ac5, type: 3}
      propertyPath: m_LocalPosition.z
      value: 36
      objectReference: {fileID: 0}
    - target: {fileID: 400000, guid: 5862bbfe91a75054ca72c13b555b6ac5, type: 3}
      propertyPath: m_LocalRotation.w
      value: 1
      objectReference: {fileID: 0}
    - target: {fileID: 400000, guid: 5862bbfe91a75054ca72c13b555b6ac5, type: 3}
      propertyPath: m_LocalRotation.x
      value: -0
      objectReference: {fileID: 0}
    - target: {fileID: 400000, guid: 5862bbfe91a75054ca72c13b555b6ac5, type: 3}
      propertyPath: m_LocalRotation.y
      value: -0
      objectReference: {fileID: 0}
    - target: {fileID: 400000, guid: 5862bbfe91a75054ca72c13b555b6ac5, type: 3}
      propertyPath: m_LocalRotation.z
      value: -0
      objectReference: {fileID: 0}
    - target: {fileID: 400000, guid: 5862bbfe91a75054ca72c13b555b6ac5, type: 3}
      propertyPath: m_LocalEulerAnglesHint.x
      value: 0
      objectReference: {fileID: 0}
    - target: {fileID: 400000, guid: 5862bbfe91a75054ca72c13b555b6ac5, type: 3}
      propertyPath: m_LocalEulerAnglesHint.y
      value: 0
      objectReference: {fileID: 0}
    - target: {fileID: 400000, guid: 5862bbfe91a75054ca72c13b555b6ac5, type: 3}
      propertyPath: m_LocalEulerAnglesHint.z
      value: 0
      objectReference: {fileID: 0}
    - target: {fileID: 2300000, guid: 5862bbfe91a75054ca72c13b555b6ac5, type: 3}
      propertyPath: m_Materials.Array.data[0]
      value: 
      objectReference: {fileID: 2100000, guid: 6cf1e1a698aeb094e8efe815b04cb07d, type: 2}
    m_RemovedComponents: []
  m_SourcePrefab: {fileID: 100100000, guid: 5862bbfe91a75054ca72c13b555b6ac5, type: 3}
--- !u!1 &599988987
GameObject:
  m_ObjectHideFlags: 0
  m_CorrespondingSourceObject: {fileID: 0}
  m_PrefabInstance: {fileID: 0}
  m_PrefabAsset: {fileID: 0}
  serializedVersion: 6
  m_Component:
  - component: {fileID: 599988988}
  - component: {fileID: 599988990}
  - component: {fileID: 599988989}
  m_Layer: 0
  m_Name: Terrain
  m_TagString: Untagged
  m_Icon: {fileID: 0}
  m_NavMeshLayer: 0
  m_StaticEditorFlags: 4294967295
  m_IsActive: 1
--- !u!4 &599988988
Transform:
  m_ObjectHideFlags: 0
  m_CorrespondingSourceObject: {fileID: 0}
  m_PrefabInstance: {fileID: 0}
  m_PrefabAsset: {fileID: 0}
  m_GameObject: {fileID: 599988987}
  m_LocalRotation: {x: 0, y: 0, z: 0, w: 1}
  m_LocalPosition: {x: -8.4, y: -16, z: 23.4}
  m_LocalScale: {x: 0.085251436, y: 1, z: 0.04068205}
  m_Children: []
  m_Father: {fileID: 1738570672}
  m_RootOrder: 15
  m_LocalEulerAnglesHint: {x: 0, y: 0, z: 0}
--- !u!154 &599988989
TerrainCollider:
  m_ObjectHideFlags: 0
  m_CorrespondingSourceObject: {fileID: 0}
  m_PrefabInstance: {fileID: 0}
  m_PrefabAsset: {fileID: 0}
  m_GameObject: {fileID: 599988987}
  m_Material: {fileID: 0}
  m_Enabled: 1
  m_TerrainData: {fileID: 15600000, guid: a71151c95f38f38479a19303c4775300, type: 2}
  m_EnableTreeColliders: 1
--- !u!218 &599988990
Terrain:
  m_ObjectHideFlags: 0
  m_CorrespondingSourceObject: {fileID: 0}
  m_PrefabInstance: {fileID: 0}
  m_PrefabAsset: {fileID: 0}
  m_GameObject: {fileID: 599988987}
  m_Enabled: 1
  serializedVersion: 6
  m_TerrainData: {fileID: 15600000, guid: a71151c95f38f38479a19303c4775300, type: 2}
  m_TreeDistance: 5000
  m_TreeBillboardDistance: 50
  m_TreeCrossFadeLength: 5
  m_TreeMaximumFullLODCount: 50
  m_DetailObjectDistance: 80
  m_DetailObjectDensity: 1
  m_HeightmapPixelError: 5
  m_SplatMapDistance: 1000
  m_HeightmapMaximumLOD: 0
  m_ShadowCastingMode: 2
  m_DrawHeightmap: 1
  m_DrawInstanced: 0
  m_DrawTreesAndFoliage: 1
  m_ReflectionProbeUsage: 1
  m_MaterialTemplate: {fileID: 10652, guid: 0000000000000000f000000000000000, type: 0}
  m_BakeLightProbesForTrees: 1
  m_PreserveTreePrototypeLayers: 0
  m_DeringLightProbesForTrees: 1
  m_ScaleInLightmap: 0.0256
  m_LightmapParameters: {fileID: 15203, guid: 0000000000000000f000000000000000, type: 0}
  m_GroupingID: 0
  m_RenderingLayerMask: 1
  m_AllowAutoConnect: 1
--- !u!1001 &641769866
PrefabInstance:
  m_ObjectHideFlags: 0
  serializedVersion: 2
  m_Modification:
    m_TransformParent: {fileID: 0}
    m_Modifications:
    - target: {fileID: 100000, guid: 4e11ef4f39bc65e44a4b0755ecac6ea1, type: 3}
      propertyPath: m_Name
      value: "\u0440\u0430\u043C\u043F\u0430"
      objectReference: {fileID: 0}
    - target: {fileID: 400000, guid: 4e11ef4f39bc65e44a4b0755ecac6ea1, type: 3}
      propertyPath: m_RootOrder
      value: 0
      objectReference: {fileID: 0}
    - target: {fileID: 400000, guid: 4e11ef4f39bc65e44a4b0755ecac6ea1, type: 3}
      propertyPath: m_LocalScale.x
      value: 18.777388
      objectReference: {fileID: 0}
    - target: {fileID: 400000, guid: 4e11ef4f39bc65e44a4b0755ecac6ea1, type: 3}
      propertyPath: m_LocalScale.y
      value: 13.157738
      objectReference: {fileID: 0}
    - target: {fileID: 400000, guid: 4e11ef4f39bc65e44a4b0755ecac6ea1, type: 3}
      propertyPath: m_LocalScale.z
      value: 116.12218
      objectReference: {fileID: 0}
    - target: {fileID: 400000, guid: 4e11ef4f39bc65e44a4b0755ecac6ea1, type: 3}
      propertyPath: m_LocalPosition.x
      value: -247.4
      objectReference: {fileID: 0}
    - target: {fileID: 400000, guid: 4e11ef4f39bc65e44a4b0755ecac6ea1, type: 3}
      propertyPath: m_LocalPosition.y
      value: -1.3
      objectReference: {fileID: 0}
    - target: {fileID: 400000, guid: 4e11ef4f39bc65e44a4b0755ecac6ea1, type: 3}
      propertyPath: m_LocalPosition.z
      value: -23.1
      objectReference: {fileID: 0}
    - target: {fileID: 400000, guid: 4e11ef4f39bc65e44a4b0755ecac6ea1, type: 3}
      propertyPath: m_LocalRotation.w
      value: 0.7148778
      objectReference: {fileID: 0}
    - target: {fileID: 400000, guid: 4e11ef4f39bc65e44a4b0755ecac6ea1, type: 3}
      propertyPath: m_LocalRotation.x
      value: -0
      objectReference: {fileID: 0}
    - target: {fileID: 400000, guid: 4e11ef4f39bc65e44a4b0755ecac6ea1, type: 3}
      propertyPath: m_LocalRotation.y
      value: -0.6992495
      objectReference: {fileID: 0}
    - target: {fileID: 400000, guid: 4e11ef4f39bc65e44a4b0755ecac6ea1, type: 3}
      propertyPath: m_LocalRotation.z
      value: -0
      objectReference: {fileID: 0}
    - target: {fileID: 400000, guid: 4e11ef4f39bc65e44a4b0755ecac6ea1, type: 3}
      propertyPath: m_LocalEulerAnglesHint.x
      value: 0
      objectReference: {fileID: 0}
    - target: {fileID: 400000, guid: 4e11ef4f39bc65e44a4b0755ecac6ea1, type: 3}
      propertyPath: m_LocalEulerAnglesHint.y
      value: -88.734
      objectReference: {fileID: 0}
    - target: {fileID: 400000, guid: 4e11ef4f39bc65e44a4b0755ecac6ea1, type: 3}
      propertyPath: m_LocalEulerAnglesHint.z
      value: 0
      objectReference: {fileID: 0}
    - target: {fileID: 2300000, guid: 4e11ef4f39bc65e44a4b0755ecac6ea1, type: 3}
      propertyPath: m_Materials.Array.data[0]
      value: 
      objectReference: {fileID: 2100000, guid: 848918a99d11f25f110026ca44295342, type: 2}
    m_RemovedComponents: []
  m_SourcePrefab: {fileID: 100100000, guid: 4e11ef4f39bc65e44a4b0755ecac6ea1, type: 3}
--- !u!4 &641769867 stripped
Transform:
  m_CorrespondingSourceObject: {fileID: 400000, guid: 4e11ef4f39bc65e44a4b0755ecac6ea1, type: 3}
  m_PrefabInstance: {fileID: 641769866}
  m_PrefabAsset: {fileID: 0}
--- !u!108 &705507994 stripped
Light:
  m_CorrespondingSourceObject: {fileID: 4313654507266830897, guid: 5e35cfa081012ae47aef53192f2bc0b6, type: 3}
  m_PrefabInstance: {fileID: 4313654506629611691}
  m_PrefabAsset: {fileID: 0}
--- !u!1001 &813395793
PrefabInstance:
  m_ObjectHideFlags: 0
  serializedVersion: 2
  m_Modification:
    m_TransformParent: {fileID: 0}
    m_Modifications:
    - target: {fileID: 6426787545624524634, guid: 6698c9a202af3424b881d5d2a6966c41, type: 3}
      propertyPath: m_Name
      value: ZombieEnemy
      objectReference: {fileID: 0}
    - target: {fileID: 6426787545624524638, guid: 6698c9a202af3424b881d5d2a6966c41, type: 3}
      propertyPath: m_RootOrder
      value: 8
      objectReference: {fileID: 0}
    - target: {fileID: 6426787545624524638, guid: 6698c9a202af3424b881d5d2a6966c41, type: 3}
      propertyPath: m_LocalScale.x
      value: 5.0554767
      objectReference: {fileID: 0}
    - target: {fileID: 6426787545624524638, guid: 6698c9a202af3424b881d5d2a6966c41, type: 3}
      propertyPath: m_LocalScale.y
      value: 4.4039083
      objectReference: {fileID: 0}
    - target: {fileID: 6426787545624524638, guid: 6698c9a202af3424b881d5d2a6966c41, type: 3}
      propertyPath: m_LocalScale.z
      value: 2.4196625
      objectReference: {fileID: 0}
    - target: {fileID: 6426787545624524638, guid: 6698c9a202af3424b881d5d2a6966c41, type: 3}
      propertyPath: m_LocalPosition.x
      value: -16.82
      objectReference: {fileID: 0}
    - target: {fileID: 6426787545624524638, guid: 6698c9a202af3424b881d5d2a6966c41, type: 3}
      propertyPath: m_LocalPosition.y
      value: 0.49
      objectReference: {fileID: 0}
    - target: {fileID: 6426787545624524638, guid: 6698c9a202af3424b881d5d2a6966c41, type: 3}
      propertyPath: m_LocalPosition.z
      value: -19.396723
      objectReference: {fileID: 0}
    - target: {fileID: 6426787545624524638, guid: 6698c9a202af3424b881d5d2a6966c41, type: 3}
      propertyPath: m_LocalRotation.w
      value: 1
      objectReference: {fileID: 0}
    - target: {fileID: 6426787545624524638, guid: 6698c9a202af3424b881d5d2a6966c41, type: 3}
      propertyPath: m_LocalRotation.x
      value: -0
      objectReference: {fileID: 0}
    - target: {fileID: 6426787545624524638, guid: 6698c9a202af3424b881d5d2a6966c41, type: 3}
      propertyPath: m_LocalRotation.y
      value: -0
      objectReference: {fileID: 0}
    - target: {fileID: 6426787545624524638, guid: 6698c9a202af3424b881d5d2a6966c41, type: 3}
      propertyPath: m_LocalRotation.z
      value: -0
      objectReference: {fileID: 0}
    - target: {fileID: 6426787545624524638, guid: 6698c9a202af3424b881d5d2a6966c41, type: 3}
      propertyPath: m_LocalEulerAnglesHint.x
      value: 0
      objectReference: {fileID: 0}
    - target: {fileID: 6426787545624524638, guid: 6698c9a202af3424b881d5d2a6966c41, type: 3}
      propertyPath: m_LocalEulerAnglesHint.y
      value: 0
      objectReference: {fileID: 0}
    - target: {fileID: 6426787545624524638, guid: 6698c9a202af3424b881d5d2a6966c41, type: 3}
      propertyPath: m_LocalEulerAnglesHint.z
      value: 0
      objectReference: {fileID: 0}
    m_RemovedComponents: []
  m_SourcePrefab: {fileID: 100100000, guid: 6698c9a202af3424b881d5d2a6966c41, type: 3}
--- !u!1001 &941081568
PrefabInstance:
  m_ObjectHideFlags: 0
  serializedVersion: 2
  m_Modification:
    m_TransformParent: {fileID: 0}
    m_Modifications:
    - target: {fileID: 6426787545624524634, guid: 6698c9a202af3424b881d5d2a6966c41, type: 3}
      propertyPath: m_Name
      value: ZombieEnemy
      objectReference: {fileID: 0}
    - target: {fileID: 6426787545624524638, guid: 6698c9a202af3424b881d5d2a6966c41, type: 3}
      propertyPath: m_RootOrder
      value: 7
      objectReference: {fileID: 0}
    - target: {fileID: 6426787545624524638, guid: 6698c9a202af3424b881d5d2a6966c41, type: 3}
      propertyPath: m_LocalScale.x
      value: 5.0554767
      objectReference: {fileID: 0}
    - target: {fileID: 6426787545624524638, guid: 6698c9a202af3424b881d5d2a6966c41, type: 3}
      propertyPath: m_LocalScale.y
      value: 4.4039083
      objectReference: {fileID: 0}
    - target: {fileID: 6426787545624524638, guid: 6698c9a202af3424b881d5d2a6966c41, type: 3}
      propertyPath: m_LocalScale.z
      value: 2.4196625
      objectReference: {fileID: 0}
    - target: {fileID: 6426787545624524638, guid: 6698c9a202af3424b881d5d2a6966c41, type: 3}
      propertyPath: m_LocalPosition.x
      value: -20.95
      objectReference: {fileID: 0}
    - target: {fileID: 6426787545624524638, guid: 6698c9a202af3424b881d5d2a6966c41, type: 3}
      propertyPath: m_LocalPosition.y
      value: 0.7
      objectReference: {fileID: 0}
    - target: {fileID: 6426787545624524638, guid: 6698c9a202af3424b881d5d2a6966c41, type: 3}
      propertyPath: m_LocalPosition.z
      value: -10.6
      objectReference: {fileID: 0}
    - target: {fileID: 6426787545624524638, guid: 6698c9a202af3424b881d5d2a6966c41, type: 3}
      propertyPath: m_LocalRotation.w
      value: 1
      objectReference: {fileID: 0}
    - target: {fileID: 6426787545624524638, guid: 6698c9a202af3424b881d5d2a6966c41, type: 3}
      propertyPath: m_LocalRotation.x
      value: -0
      objectReference: {fileID: 0}
    - target: {fileID: 6426787545624524638, guid: 6698c9a202af3424b881d5d2a6966c41, type: 3}
      propertyPath: m_LocalRotation.y
      value: -0
      objectReference: {fileID: 0}
    - target: {fileID: 6426787545624524638, guid: 6698c9a202af3424b881d5d2a6966c41, type: 3}
      propertyPath: m_LocalRotation.z
      value: -0
      objectReference: {fileID: 0}
    - target: {fileID: 6426787545624524638, guid: 6698c9a202af3424b881d5d2a6966c41, type: 3}
      propertyPath: m_LocalEulerAnglesHint.x
      value: 0
      objectReference: {fileID: 0}
    - target: {fileID: 6426787545624524638, guid: 6698c9a202af3424b881d5d2a6966c41, type: 3}
      propertyPath: m_LocalEulerAnglesHint.y
      value: 0
      objectReference: {fileID: 0}
    - target: {fileID: 6426787545624524638, guid: 6698c9a202af3424b881d5d2a6966c41, type: 3}
      propertyPath: m_LocalEulerAnglesHint.z
      value: 0
      objectReference: {fileID: 0}
    m_RemovedComponents: []
  m_SourcePrefab: {fileID: 100100000, guid: 6698c9a202af3424b881d5d2a6966c41, type: 3}
--- !u!1 &1039658001
GameObject:
  m_ObjectHideFlags: 0
  m_CorrespondingSourceObject: {fileID: 0}
  m_PrefabInstance: {fileID: 0}
  m_PrefabAsset: {fileID: 0}
  serializedVersion: 6
  m_Component:
  - component: {fileID: 1039658002}
  - component: {fileID: 1039658004}
  - component: {fileID: 1039658003}
  m_Layer: 0
  m_Name: PlayerSpawner
  m_TagString: Untagged
  m_Icon: {fileID: 0}
  m_NavMeshLayer: 0
  m_StaticEditorFlags: 0
  m_IsActive: 1
--- !u!4 &1039658002
Transform:
  m_ObjectHideFlags: 0
  m_CorrespondingSourceObject: {fileID: 0}
  m_PrefabInstance: {fileID: 0}
  m_PrefabAsset: {fileID: 0}
  m_GameObject: {fileID: 1039658001}
  m_LocalRotation: {x: -0, y: 1, z: -0, w: -0.00000017881392}
  m_LocalPosition: {x: 0, y: 3.11, z: 0}
  m_LocalScale: {x: 1, y: 1, z: 1}
  m_Children: []
  m_Father: {fileID: 0}
  m_RootOrder: 6
  m_LocalEulerAnglesHint: {x: 0, y: 0, z: 0}
--- !u!114 &1039658003
MonoBehaviour:
  m_ObjectHideFlags: 0
  m_CorrespondingSourceObject: {fileID: 0}
  m_PrefabInstance: {fileID: 0}
  m_PrefabAsset: {fileID: 0}
  m_GameObject: {fileID: 1039658001}
  m_Enabled: 1
  m_EditorHideFlags: 0
  m_Script: {fileID: 11500000, guid: 45a561f37ae94a94186747247b39f825, type: 3}
  m_Name: 
  m_EditorClassIdentifier: 
  gameOverCanvas: {fileID: 1476574398}
--- !u!114 &1039658004
MonoBehaviour:
  m_ObjectHideFlags: 0
  m_CorrespondingSourceObject: {fileID: 0}
  m_PrefabInstance: {fileID: 0}
  m_PrefabAsset: {fileID: 0}
  m_GameObject: {fileID: 1039658001}
  m_Enabled: 1
  m_EditorHideFlags: 0
  m_Script: {fileID: 11500000, guid: ae1c0e658c9030c45993cb66d2d554e5, type: 3}
  m_Name: 
  m_EditorClassIdentifier: 
  playerPrefab: {fileID: 2650811619600409627, guid: 09fc740426350f44ea87f5c04c2d132c, type: 3}
--- !u!1001 &1083637975
PrefabInstance:
  m_ObjectHideFlags: 0
  serializedVersion: 2
  m_Modification:
    m_TransformParent: {fileID: 0}
    m_Modifications:
    - target: {fileID: 6426787545624524634, guid: 6698c9a202af3424b881d5d2a6966c41, type: 3}
      propertyPath: m_Name
      value: ZombieEnemy (1)
      objectReference: {fileID: 0}
    - target: {fileID: 6426787545624524638, guid: 6698c9a202af3424b881d5d2a6966c41, type: 3}
      propertyPath: m_RootOrder
      value: 9
      objectReference: {fileID: 0}
    - target: {fileID: 6426787545624524638, guid: 6698c9a202af3424b881d5d2a6966c41, type: 3}
      propertyPath: m_LocalScale.x
      value: 5.0554767
      objectReference: {fileID: 0}
    - target: {fileID: 6426787545624524638, guid: 6698c9a202af3424b881d5d2a6966c41, type: 3}
      propertyPath: m_LocalScale.y
      value: 4.4039083
      objectReference: {fileID: 0}
    - target: {fileID: 6426787545624524638, guid: 6698c9a202af3424b881d5d2a6966c41, type: 3}
      propertyPath: m_LocalScale.z
      value: 2.4196625
      objectReference: {fileID: 0}
    - target: {fileID: 6426787545624524638, guid: 6698c9a202af3424b881d5d2a6966c41, type: 3}
      propertyPath: m_LocalPosition.x
      value: -24.747332
      objectReference: {fileID: 0}
    - target: {fileID: 6426787545624524638, guid: 6698c9a202af3424b881d5d2a6966c41, type: 3}
      propertyPath: m_LocalPosition.y
      value: -0.054572105
      objectReference: {fileID: 0}
    - target: {fileID: 6426787545624524638, guid: 6698c9a202af3424b881d5d2a6966c41, type: 3}
      propertyPath: m_LocalPosition.z
      value: -20.596722
      objectReference: {fileID: 0}
    - target: {fileID: 6426787545624524638, guid: 6698c9a202af3424b881d5d2a6966c41, type: 3}
      propertyPath: m_LocalRotation.w
      value: 1
      objectReference: {fileID: 0}
    - target: {fileID: 6426787545624524638, guid: 6698c9a202af3424b881d5d2a6966c41, type: 3}
      propertyPath: m_LocalRotation.x
      value: -0
      objectReference: {fileID: 0}
    - target: {fileID: 6426787545624524638, guid: 6698c9a202af3424b881d5d2a6966c41, type: 3}
      propertyPath: m_LocalRotation.y
      value: -0
      objectReference: {fileID: 0}
    - target: {fileID: 6426787545624524638, guid: 6698c9a202af3424b881d5d2a6966c41, type: 3}
      propertyPath: m_LocalRotation.z
      value: -0
      objectReference: {fileID: 0}
    - target: {fileID: 6426787545624524638, guid: 6698c9a202af3424b881d5d2a6966c41, type: 3}
      propertyPath: m_LocalEulerAnglesHint.x
      value: 0
      objectReference: {fileID: 0}
    - target: {fileID: 6426787545624524638, guid: 6698c9a202af3424b881d5d2a6966c41, type: 3}
      propertyPath: m_LocalEulerAnglesHint.y
      value: 0
      objectReference: {fileID: 0}
    - target: {fileID: 6426787545624524638, guid: 6698c9a202af3424b881d5d2a6966c41, type: 3}
      propertyPath: m_LocalEulerAnglesHint.z
      value: 0
      objectReference: {fileID: 0}
    m_RemovedComponents: []
  m_SourcePrefab: {fileID: 100100000, guid: 6698c9a202af3424b881d5d2a6966c41, type: 3}
--- !u!1 &1161830697
GameObject:
  m_ObjectHideFlags: 0
  m_CorrespondingSourceObject: {fileID: 0}
  m_PrefabInstance: {fileID: 0}
  m_PrefabAsset: {fileID: 0}
  serializedVersion: 6
  m_Component:
  - component: {fileID: 1161830699}
  - component: {fileID: 1161830698}
  m_Layer: 0
  m_Name: GameSession
  m_TagString: Untagged
  m_Icon: {fileID: 0}
  m_NavMeshLayer: 0
  m_StaticEditorFlags: 0
  m_IsActive: 1
--- !u!114 &1161830698
MonoBehaviour:
  m_ObjectHideFlags: 0
  m_CorrespondingSourceObject: {fileID: 0}
  m_PrefabInstance: {fileID: 0}
  m_PrefabAsset: {fileID: 0}
  m_GameObject: {fileID: 1161830697}
  m_Enabled: 1
  m_EditorHideFlags: 0
  m_Script: {fileID: 11500000, guid: 9076f23aa0dc59b42892fa478917a831, type: 3}
  m_Name: 
  m_EditorClassIdentifier: 
--- !u!4 &1161830699
Transform:
  m_ObjectHideFlags: 0
  m_CorrespondingSourceObject: {fileID: 0}
  m_PrefabInstance: {fileID: 0}
  m_PrefabAsset: {fileID: 0}
  m_GameObject: {fileID: 1161830697}
  m_LocalRotation: {x: 0, y: 0, z: 0, w: 1}
  m_LocalPosition: {x: 0, y: 0, z: 0}
  m_LocalScale: {x: 1, y: 1, z: 1}
  m_Children: []
  m_Father: {fileID: 0}
  m_RootOrder: 5
  m_LocalEulerAnglesHint: {x: 0, y: 0, z: 0}
--- !u!1001 &1294369861
PrefabInstance:
  m_ObjectHideFlags: 0
  serializedVersion: 2
  m_Modification:
    m_TransformParent: {fileID: 0}
    m_Modifications:
    - target: {fileID: 6426787545624524634, guid: 6698c9a202af3424b881d5d2a6966c41, type: 3}
      propertyPath: m_Name
      value: ZombieEnemy (2)
      objectReference: {fileID: 0}
    - target: {fileID: 6426787545624524638, guid: 6698c9a202af3424b881d5d2a6966c41, type: 3}
      propertyPath: m_RootOrder
      value: 10
      objectReference: {fileID: 0}
    - target: {fileID: 6426787545624524638, guid: 6698c9a202af3424b881d5d2a6966c41, type: 3}
      propertyPath: m_LocalScale.x
      value: 5.0554767
      objectReference: {fileID: 0}
    - target: {fileID: 6426787545624524638, guid: 6698c9a202af3424b881d5d2a6966c41, type: 3}
      propertyPath: m_LocalScale.y
      value: 4.4039083
      objectReference: {fileID: 0}
    - target: {fileID: 6426787545624524638, guid: 6698c9a202af3424b881d5d2a6966c41, type: 3}
      propertyPath: m_LocalScale.z
      value: 2.4196625
      objectReference: {fileID: 0}
    - target: {fileID: 6426787545624524638, guid: 6698c9a202af3424b881d5d2a6966c41, type: 3}
      propertyPath: m_LocalPosition.x
      value: -5.287332
      objectReference: {fileID: 0}
    - target: {fileID: 6426787545624524638, guid: 6698c9a202af3424b881d5d2a6966c41, type: 3}
      propertyPath: m_LocalPosition.y
      value: -0.054572105
      objectReference: {fileID: 0}
    - target: {fileID: 6426787545624524638, guid: 6698c9a202af3424b881d5d2a6966c41, type: 3}
      propertyPath: m_LocalPosition.z
      value: -11.896724
      objectReference: {fileID: 0}
    - target: {fileID: 6426787545624524638, guid: 6698c9a202af3424b881d5d2a6966c41, type: 3}
      propertyPath: m_LocalRotation.w
      value: 1
      objectReference: {fileID: 0}
    - target: {fileID: 6426787545624524638, guid: 6698c9a202af3424b881d5d2a6966c41, type: 3}
      propertyPath: m_LocalRotation.x
      value: -0
      objectReference: {fileID: 0}
    - target: {fileID: 6426787545624524638, guid: 6698c9a202af3424b881d5d2a6966c41, type: 3}
      propertyPath: m_LocalRotation.y
      value: -0
      objectReference: {fileID: 0}
    - target: {fileID: 6426787545624524638, guid: 6698c9a202af3424b881d5d2a6966c41, type: 3}
      propertyPath: m_LocalRotation.z
      value: -0
      objectReference: {fileID: 0}
    - target: {fileID: 6426787545624524638, guid: 6698c9a202af3424b881d5d2a6966c41, type: 3}
      propertyPath: m_LocalEulerAnglesHint.x
      value: 0
      objectReference: {fileID: 0}
    - target: {fileID: 6426787545624524638, guid: 6698c9a202af3424b881d5d2a6966c41, type: 3}
      propertyPath: m_LocalEulerAnglesHint.y
      value: 0
      objectReference: {fileID: 0}
    - target: {fileID: 6426787545624524638, guid: 6698c9a202af3424b881d5d2a6966c41, type: 3}
      propertyPath: m_LocalEulerAnglesHint.z
      value: 0
      objectReference: {fileID: 0}
    m_RemovedComponents: []
  m_SourcePrefab: {fileID: 100100000, guid: 6698c9a202af3424b881d5d2a6966c41, type: 3}
--- !u!1001 &1325265497
PrefabInstance:
  m_ObjectHideFlags: 0
  serializedVersion: 2
  m_Modification:
    m_TransformParent: {fileID: 1738570672}
    m_Modifications:
    - target: {fileID: 100000, guid: 5862bbfe91a75054ca72c13b555b6ac5, type: 3}
      propertyPath: m_Name
      value: HousePrototype16x16x24 (9)
      objectReference: {fileID: 0}
    - target: {fileID: 400000, guid: 5862bbfe91a75054ca72c13b555b6ac5, type: 3}
      propertyPath: m_RootOrder
      value: 14
      objectReference: {fileID: 0}
    - target: {fileID: 400000, guid: 5862bbfe91a75054ca72c13b555b6ac5, type: 3}
      propertyPath: m_LocalPosition.x
      value: 25.5
      objectReference: {fileID: 0}
    - target: {fileID: 400000, guid: 5862bbfe91a75054ca72c13b555b6ac5, type: 3}
      propertyPath: m_LocalPosition.y
      value: 0.1
      objectReference: {fileID: 0}
    - target: {fileID: 400000, guid: 5862bbfe91a75054ca72c13b555b6ac5, type: 3}
      propertyPath: m_LocalPosition.z
      value: -16.4
      objectReference: {fileID: 0}
    - target: {fileID: 400000, guid: 5862bbfe91a75054ca72c13b555b6ac5, type: 3}
      propertyPath: m_LocalRotation.w
      value: 0.699863
      objectReference: {fileID: 0}
    - target: {fileID: 400000, guid: 5862bbfe91a75054ca72c13b555b6ac5, type: 3}
      propertyPath: m_LocalRotation.x
      value: -0
      objectReference: {fileID: 0}
    - target: {fileID: 400000, guid: 5862bbfe91a75054ca72c13b555b6ac5, type: 3}
      propertyPath: m_LocalRotation.y
      value: 0.71427715
      objectReference: {fileID: 0}
    - target: {fileID: 400000, guid: 5862bbfe91a75054ca72c13b555b6ac5, type: 3}
      propertyPath: m_LocalRotation.z
      value: -0
      objectReference: {fileID: 0}
    - target: {fileID: 400000, guid: 5862bbfe91a75054ca72c13b555b6ac5, type: 3}
      propertyPath: m_LocalEulerAnglesHint.x
      value: 0
      objectReference: {fileID: 0}
    - target: {fileID: 400000, guid: 5862bbfe91a75054ca72c13b555b6ac5, type: 3}
      propertyPath: m_LocalEulerAnglesHint.y
      value: 91.168
      objectReference: {fileID: 0}
    - target: {fileID: 400000, guid: 5862bbfe91a75054ca72c13b555b6ac5, type: 3}
      propertyPath: m_LocalEulerAnglesHint.z
      value: 0
      objectReference: {fileID: 0}
    - target: {fileID: 2300000, guid: 5862bbfe91a75054ca72c13b555b6ac5, type: 3}
      propertyPath: m_Materials.Array.data[0]
      value: 
      objectReference: {fileID: 2100000, guid: 6cf1e1a698aeb094e8efe815b04cb07d, type: 2}
    m_RemovedComponents: []
  m_SourcePrefab: {fileID: 100100000, guid: 5862bbfe91a75054ca72c13b555b6ac5, type: 3}
--- !u!1001 &1328336221
PrefabInstance:
  m_ObjectHideFlags: 0
  serializedVersion: 2
  m_Modification:
    m_TransformParent: {fileID: 641769867}
    m_Modifications:
    - target: {fileID: 100000, guid: 4e11ef4f39bc65e44a4b0755ecac6ea1, type: 3}
      propertyPath: m_Name
      value: RampPrototype04x02x02 (2)
      objectReference: {fileID: 0}
    - target: {fileID: 400000, guid: 4e11ef4f39bc65e44a4b0755ecac6ea1, type: 3}
      propertyPath: m_RootOrder
      value: 1
      objectReference: {fileID: 0}
    - target: {fileID: 400000, guid: 4e11ef4f39bc65e44a4b0755ecac6ea1, type: 3}
      propertyPath: m_LocalScale.x
      value: 1
      objectReference: {fileID: 0}
    - target: {fileID: 400000, guid: 4e11ef4f39bc65e44a4b0755ecac6ea1, type: 3}
      propertyPath: m_LocalScale.y
      value: 1
      objectReference: {fileID: 0}
    - target: {fileID: 400000, guid: 4e11ef4f39bc65e44a4b0755ecac6ea1, type: 3}
      propertyPath: m_LocalScale.z
      value: 1
      objectReference: {fileID: 0}
    - target: {fileID: 400000, guid: 4e11ef4f39bc65e44a4b0755ecac6ea1, type: 3}
      propertyPath: m_LocalPosition.x
      value: 3.4251432
      objectReference: {fileID: 0}
    - target: {fileID: 400000, guid: 4e11ef4f39bc65e44a4b0755ecac6ea1, type: 3}
      propertyPath: m_LocalPosition.y
      value: 0
      objectReference: {fileID: 0}
    - target: {fileID: 400000, guid: 4e11ef4f39bc65e44a4b0755ecac6ea1, type: 3}
      propertyPath: m_LocalPosition.z
      value: 0.0001842597
      objectReference: {fileID: 0}
    - target: {fileID: 400000, guid: 4e11ef4f39bc65e44a4b0755ecac6ea1, type: 3}
      propertyPath: m_LocalRotation.w
      value: 1
      objectReference: {fileID: 0}
    - target: {fileID: 400000, guid: 4e11ef4f39bc65e44a4b0755ecac6ea1, type: 3}
      propertyPath: m_LocalRotation.x
      value: -0
      objectReference: {fileID: 0}
    - target: {fileID: 400000, guid: 4e11ef4f39bc65e44a4b0755ecac6ea1, type: 3}
      propertyPath: m_LocalRotation.y
      value: -0
      objectReference: {fileID: 0}
    - target: {fileID: 400000, guid: 4e11ef4f39bc65e44a4b0755ecac6ea1, type: 3}
      propertyPath: m_LocalRotation.z
      value: -0
      objectReference: {fileID: 0}
    - target: {fileID: 400000, guid: 4e11ef4f39bc65e44a4b0755ecac6ea1, type: 3}
      propertyPath: m_LocalEulerAnglesHint.x
      value: 0
      objectReference: {fileID: 0}
    - target: {fileID: 400000, guid: 4e11ef4f39bc65e44a4b0755ecac6ea1, type: 3}
      propertyPath: m_LocalEulerAnglesHint.y
      value: -88.734
      objectReference: {fileID: 0}
    - target: {fileID: 400000, guid: 4e11ef4f39bc65e44a4b0755ecac6ea1, type: 3}
      propertyPath: m_LocalEulerAnglesHint.z
      value: 0
      objectReference: {fileID: 0}
    - target: {fileID: 2300000, guid: 4e11ef4f39bc65e44a4b0755ecac6ea1, type: 3}
      propertyPath: m_Materials.Array.data[0]
      value: 
      objectReference: {fileID: 2100000, guid: 848918a99d11f25f110026ca44295342, type: 2}
    m_RemovedComponents: []
  m_SourcePrefab: {fileID: 100100000, guid: 4e11ef4f39bc65e44a4b0755ecac6ea1, type: 3}
--- !u!223 &1476574398 stripped
Canvas:
  m_CorrespondingSourceObject: {fileID: 8338579302875905971, guid: 97ce1e557627ebd44954252cb7ce0c6e, type: 3}
  m_PrefabInstance: {fileID: 2210084243898374124}
  m_PrefabAsset: {fileID: 0}
--- !u!1001 &1503730745
PrefabInstance:
  m_ObjectHideFlags: 0
  serializedVersion: 2
  m_Modification:
    m_TransformParent: {fileID: 641769867}
    m_Modifications:
    - target: {fileID: 100000, guid: 4e11ef4f39bc65e44a4b0755ecac6ea1, type: 3}
      propertyPath: m_Name
      value: RampPrototype04x02x02
      objectReference: {fileID: 0}
    - target: {fileID: 400000, guid: 4e11ef4f39bc65e44a4b0755ecac6ea1, type: 3}
      propertyPath: m_RootOrder
      value: 0
      objectReference: {fileID: 0}
    - target: {fileID: 400000, guid: 4e11ef4f39bc65e44a4b0755ecac6ea1, type: 3}
      propertyPath: m_LocalScale.x
      value: 1
      objectReference: {fileID: 0}
    - target: {fileID: 400000, guid: 4e11ef4f39bc65e44a4b0755ecac6ea1, type: 3}
      propertyPath: m_LocalScale.y
      value: 1
      objectReference: {fileID: 0}
    - target: {fileID: 400000, guid: 4e11ef4f39bc65e44a4b0755ecac6ea1, type: 3}
      propertyPath: m_LocalScale.z
      value: 1
      objectReference: {fileID: 0}
    - target: {fileID: 400000, guid: 4e11ef4f39bc65e44a4b0755ecac6ea1, type: 3}
      propertyPath: m_LocalPosition.x
      value: 1.9176732
      objectReference: {fileID: 0}
    - target: {fileID: 400000, guid: 4e11ef4f39bc65e44a4b0755ecac6ea1, type: 3}
      propertyPath: m_LocalPosition.y
      value: 0
      objectReference: {fileID: 0}
    - target: {fileID: 400000, guid: 4e11ef4f39bc65e44a4b0755ecac6ea1, type: 3}
      propertyPath: m_LocalPosition.z
      value: -0.00003603724
      objectReference: {fileID: 0}
    - target: {fileID: 400000, guid: 4e11ef4f39bc65e44a4b0755ecac6ea1, type: 3}
      propertyPath: m_LocalRotation.w
      value: 1
      objectReference: {fileID: 0}
    - target: {fileID: 400000, guid: 4e11ef4f39bc65e44a4b0755ecac6ea1, type: 3}
      propertyPath: m_LocalRotation.x
      value: -0
      objectReference: {fileID: 0}
    - target: {fileID: 400000, guid: 4e11ef4f39bc65e44a4b0755ecac6ea1, type: 3}
      propertyPath: m_LocalRotation.y
      value: -0
      objectReference: {fileID: 0}
    - target: {fileID: 400000, guid: 4e11ef4f39bc65e44a4b0755ecac6ea1, type: 3}
      propertyPath: m_LocalRotation.z
      value: -0
      objectReference: {fileID: 0}
    - target: {fileID: 400000, guid: 4e11ef4f39bc65e44a4b0755ecac6ea1, type: 3}
      propertyPath: m_LocalEulerAnglesHint.x
      value: 0
      objectReference: {fileID: 0}
    - target: {fileID: 400000, guid: 4e11ef4f39bc65e44a4b0755ecac6ea1, type: 3}
      propertyPath: m_LocalEulerAnglesHint.y
      value: -88.734
      objectReference: {fileID: 0}
    - target: {fileID: 400000, guid: 4e11ef4f39bc65e44a4b0755ecac6ea1, type: 3}
      propertyPath: m_LocalEulerAnglesHint.z
      value: 0
      objectReference: {fileID: 0}
    - target: {fileID: 2300000, guid: 4e11ef4f39bc65e44a4b0755ecac6ea1, type: 3}
      propertyPath: m_Materials.Array.data[0]
      value: 
      objectReference: {fileID: 2100000, guid: 848918a99d11f25f110026ca44295342, type: 2}
    m_RemovedComponents: []
  m_SourcePrefab: {fileID: 100100000, guid: 4e11ef4f39bc65e44a4b0755ecac6ea1, type: 3}
--- !u!1001 &1615854017
PrefabInstance:
  m_ObjectHideFlags: 0
  serializedVersion: 2
  m_Modification:
    m_TransformParent: {fileID: 0}
    m_Modifications:
    - target: {fileID: 6426787545624524634, guid: 6698c9a202af3424b881d5d2a6966c41, type: 3}
      propertyPath: m_Name
      value: ZombieEnemy (3)
      objectReference: {fileID: 0}
    - target: {fileID: 6426787545624524638, guid: 6698c9a202af3424b881d5d2a6966c41, type: 3}
      propertyPath: m_RootOrder
      value: 11
      objectReference: {fileID: 0}
    - target: {fileID: 6426787545624524638, guid: 6698c9a202af3424b881d5d2a6966c41, type: 3}
      propertyPath: m_LocalScale.x
      value: 5.0554767
      objectReference: {fileID: 0}
    - target: {fileID: 6426787545624524638, guid: 6698c9a202af3424b881d5d2a6966c41, type: 3}
      propertyPath: m_LocalScale.y
      value: 4.4039083
      objectReference: {fileID: 0}
    - target: {fileID: 6426787545624524638, guid: 6698c9a202af3424b881d5d2a6966c41, type: 3}
      propertyPath: m_LocalScale.z
      value: 2.4196625
      objectReference: {fileID: 0}
    - target: {fileID: 6426787545624524638, guid: 6698c9a202af3424b881d5d2a6966c41, type: 3}
      propertyPath: m_LocalPosition.x
      value: -11.55888
      objectReference: {fileID: 0}
    - target: {fileID: 6426787545624524638, guid: 6698c9a202af3424b881d5d2a6966c41, type: 3}
      propertyPath: m_LocalPosition.y
      value: 0.49
      objectReference: {fileID: 0}
    - target: {fileID: 6426787545624524638, guid: 6698c9a202af3424b881d5d2a6966c41, type: 3}
      propertyPath: m_LocalPosition.z
      value: -11.896724
      objectReference: {fileID: 0}
    - target: {fileID: 6426787545624524638, guid: 6698c9a202af3424b881d5d2a6966c41, type: 3}
      propertyPath: m_LocalRotation.w
      value: 1
      objectReference: {fileID: 0}
    - target: {fileID: 6426787545624524638, guid: 6698c9a202af3424b881d5d2a6966c41, type: 3}
      propertyPath: m_LocalRotation.x
      value: -0
      objectReference: {fileID: 0}
    - target: {fileID: 6426787545624524638, guid: 6698c9a202af3424b881d5d2a6966c41, type: 3}
      propertyPath: m_LocalRotation.y
      value: -0
      objectReference: {fileID: 0}
    - target: {fileID: 6426787545624524638, guid: 6698c9a202af3424b881d5d2a6966c41, type: 3}
      propertyPath: m_LocalRotation.z
      value: -0
      objectReference: {fileID: 0}
    - target: {fileID: 6426787545624524638, guid: 6698c9a202af3424b881d5d2a6966c41, type: 3}
      propertyPath: m_LocalEulerAnglesHint.x
      value: 0
      objectReference: {fileID: 0}
    - target: {fileID: 6426787545624524638, guid: 6698c9a202af3424b881d5d2a6966c41, type: 3}
      propertyPath: m_LocalEulerAnglesHint.y
      value: 0
      objectReference: {fileID: 0}
    - target: {fileID: 6426787545624524638, guid: 6698c9a202af3424b881d5d2a6966c41, type: 3}
      propertyPath: m_LocalEulerAnglesHint.z
      value: 0
      objectReference: {fileID: 0}
    m_RemovedComponents: []
  m_SourcePrefab: {fileID: 100100000, guid: 6698c9a202af3424b881d5d2a6966c41, type: 3}
--- !u!4 &1738570672 stripped
Transform:
  m_CorrespondingSourceObject: {fileID: 4313654506534871996, guid: 5e35cfa081012ae47aef53192f2bc0b6, type: 3}
  m_PrefabInstance: {fileID: 4313654506629611691}
  m_PrefabAsset: {fileID: 0}
--- !u!1001 &1742224363
PrefabInstance:
  m_ObjectHideFlags: 0
  serializedVersion: 2
  m_Modification:
    m_TransformParent: {fileID: 1738570672}
    m_Modifications:
    - target: {fileID: 100000, guid: 5862bbfe91a75054ca72c13b555b6ac5, type: 3}
      propertyPath: m_Name
      value: HousePrototype16x16x24 (2)
      objectReference: {fileID: 0}
    - target: {fileID: 400000, guid: 5862bbfe91a75054ca72c13b555b6ac5, type: 3}
      propertyPath: m_RootOrder
      value: 8
      objectReference: {fileID: 0}
    - target: {fileID: 400000, guid: 5862bbfe91a75054ca72c13b555b6ac5, type: 3}
      propertyPath: m_LocalPosition.x
      value: 2.9
      objectReference: {fileID: 0}
    - target: {fileID: 400000, guid: 5862bbfe91a75054ca72c13b555b6ac5, type: 3}
      propertyPath: m_LocalPosition.y
      value: 0.1
      objectReference: {fileID: 0}
    - target: {fileID: 400000, guid: 5862bbfe91a75054ca72c13b555b6ac5, type: 3}
      propertyPath: m_LocalPosition.z
      value: -31
      objectReference: {fileID: 0}
    - target: {fileID: 400000, guid: 5862bbfe91a75054ca72c13b555b6ac5, type: 3}
      propertyPath: m_LocalRotation.w
      value: 1
      objectReference: {fileID: 0}
    - target: {fileID: 400000, guid: 5862bbfe91a75054ca72c13b555b6ac5, type: 3}
      propertyPath: m_LocalRotation.x
      value: -0
      objectReference: {fileID: 0}
    - target: {fileID: 400000, guid: 5862bbfe91a75054ca72c13b555b6ac5, type: 3}
      propertyPath: m_LocalRotation.y
      value: -0
      objectReference: {fileID: 0}
    - target: {fileID: 400000, guid: 5862bbfe91a75054ca72c13b555b6ac5, type: 3}
      propertyPath: m_LocalRotation.z
      value: -0
      objectReference: {fileID: 0}
    - target: {fileID: 400000, guid: 5862bbfe91a75054ca72c13b555b6ac5, type: 3}
      propertyPath: m_LocalEulerAnglesHint.x
      value: 0
      objectReference: {fileID: 0}
    - target: {fileID: 400000, guid: 5862bbfe91a75054ca72c13b555b6ac5, type: 3}
      propertyPath: m_LocalEulerAnglesHint.y
      value: 0
      objectReference: {fileID: 0}
    - target: {fileID: 400000, guid: 5862bbfe91a75054ca72c13b555b6ac5, type: 3}
      propertyPath: m_LocalEulerAnglesHint.z
      value: 0
      objectReference: {fileID: 0}
    - target: {fileID: 2300000, guid: 5862bbfe91a75054ca72c13b555b6ac5, type: 3}
      propertyPath: m_Materials.Array.data[0]
      value: 
      objectReference: {fileID: 2100000, guid: 6cf1e1a698aeb094e8efe815b04cb07d, type: 2}
    m_RemovedComponents: []
  m_SourcePrefab: {fileID: 100100000, guid: 5862bbfe91a75054ca72c13b555b6ac5, type: 3}
--- !u!1001 &1746907864
PrefabInstance:
  m_ObjectHideFlags: 0
  serializedVersion: 2
  m_Modification:
    m_TransformParent: {fileID: 1738570672}
    m_Modifications:
    - target: {fileID: 100000, guid: 5862bbfe91a75054ca72c13b555b6ac5, type: 3}
      propertyPath: m_Name
      value: HousePrototype16x16x24 (6)
      objectReference: {fileID: 0}
    - target: {fileID: 400000, guid: 5862bbfe91a75054ca72c13b555b6ac5, type: 3}
      propertyPath: m_RootOrder
      value: 11
      objectReference: {fileID: 0}
    - target: {fileID: 400000, guid: 5862bbfe91a75054ca72c13b555b6ac5, type: 3}
      propertyPath: m_LocalPosition.x
      value: 22.4
      objectReference: {fileID: 0}
    - target: {fileID: 400000, guid: 5862bbfe91a75054ca72c13b555b6ac5, type: 3}
      propertyPath: m_LocalPosition.y
      value: 0.1
      objectReference: {fileID: 0}
    - target: {fileID: 400000, guid: 5862bbfe91a75054ca72c13b555b6ac5, type: 3}
      propertyPath: m_LocalPosition.z
      value: 36
      objectReference: {fileID: 0}
    - target: {fileID: 400000, guid: 5862bbfe91a75054ca72c13b555b6ac5, type: 3}
      propertyPath: m_LocalRotation.w
      value: 1
      objectReference: {fileID: 0}
    - target: {fileID: 400000, guid: 5862bbfe91a75054ca72c13b555b6ac5, type: 3}
      propertyPath: m_LocalRotation.x
      value: -0
      objectReference: {fileID: 0}
    - target: {fileID: 400000, guid: 5862bbfe91a75054ca72c13b555b6ac5, type: 3}
      propertyPath: m_LocalRotation.y
      value: -0
      objectReference: {fileID: 0}
    - target: {fileID: 400000, guid: 5862bbfe91a75054ca72c13b555b6ac5, type: 3}
      propertyPath: m_LocalRotation.z
      value: -0
      objectReference: {fileID: 0}
    - target: {fileID: 400000, guid: 5862bbfe91a75054ca72c13b555b6ac5, type: 3}
      propertyPath: m_LocalEulerAnglesHint.x
      value: 0
      objectReference: {fileID: 0}
    - target: {fileID: 400000, guid: 5862bbfe91a75054ca72c13b555b6ac5, type: 3}
      propertyPath: m_LocalEulerAnglesHint.y
      value: 0
      objectReference: {fileID: 0}
    - target: {fileID: 400000, guid: 5862bbfe91a75054ca72c13b555b6ac5, type: 3}
      propertyPath: m_LocalEulerAnglesHint.z
      value: 0
      objectReference: {fileID: 0}
    - target: {fileID: 2300000, guid: 5862bbfe91a75054ca72c13b555b6ac5, type: 3}
      propertyPath: m_Materials.Array.data[0]
      value: 
      objectReference: {fileID: 2100000, guid: 6cf1e1a698aeb094e8efe815b04cb07d, type: 2}
    m_RemovedComponents: []
  m_SourcePrefab: {fileID: 100100000, guid: 5862bbfe91a75054ca72c13b555b6ac5, type: 3}
--- !u!1001 &1845254733
PrefabInstance:
  m_ObjectHideFlags: 0
  serializedVersion: 2
  m_Modification:
    m_TransformParent: {fileID: 1738570672}
    m_Modifications:
    - target: {fileID: 100000, guid: 5862bbfe91a75054ca72c13b555b6ac5, type: 3}
      propertyPath: m_Name
      value: HousePrototype16x16x24 (8)
      objectReference: {fileID: 0}
    - target: {fileID: 400000, guid: 5862bbfe91a75054ca72c13b555b6ac5, type: 3}
      propertyPath: m_RootOrder
      value: 13
      objectReference: {fileID: 0}
    - target: {fileID: 400000, guid: 5862bbfe91a75054ca72c13b555b6ac5, type: 3}
      propertyPath: m_LocalPosition.x
      value: 25.8
      objectReference: {fileID: 0}
    - target: {fileID: 400000, guid: 5862bbfe91a75054ca72c13b555b6ac5, type: 3}
      propertyPath: m_LocalPosition.y
      value: 0.1
      objectReference: {fileID: 0}
    - target: {fileID: 400000, guid: 5862bbfe91a75054ca72c13b555b6ac5, type: 3}
      propertyPath: m_LocalPosition.z
      value: -0.2
      objectReference: {fileID: 0}
    - target: {fileID: 400000, guid: 5862bbfe91a75054ca72c13b555b6ac5, type: 3}
      propertyPath: m_LocalRotation.w
      value: 0.699863
      objectReference: {fileID: 0}
    - target: {fileID: 400000, guid: 5862bbfe91a75054ca72c13b555b6ac5, type: 3}
      propertyPath: m_LocalRotation.x
      value: -0
      objectReference: {fileID: 0}
    - target: {fileID: 400000, guid: 5862bbfe91a75054ca72c13b555b6ac5, type: 3}
      propertyPath: m_LocalRotation.y
      value: 0.71427715
      objectReference: {fileID: 0}
    - target: {fileID: 400000, guid: 5862bbfe91a75054ca72c13b555b6ac5, type: 3}
      propertyPath: m_LocalRotation.z
      value: -0
      objectReference: {fileID: 0}
    - target: {fileID: 400000, guid: 5862bbfe91a75054ca72c13b555b6ac5, type: 3}
      propertyPath: m_LocalEulerAnglesHint.x
      value: 0
      objectReference: {fileID: 0}
    - target: {fileID: 400000, guid: 5862bbfe91a75054ca72c13b555b6ac5, type: 3}
      propertyPath: m_LocalEulerAnglesHint.y
      value: 91.168
      objectReference: {fileID: 0}
    - target: {fileID: 400000, guid: 5862bbfe91a75054ca72c13b555b6ac5, type: 3}
      propertyPath: m_LocalEulerAnglesHint.z
      value: 0
      objectReference: {fileID: 0}
    - target: {fileID: 2300000, guid: 5862bbfe91a75054ca72c13b555b6ac5, type: 3}
      propertyPath: m_Materials.Array.data[0]
      value: 
      objectReference: {fileID: 2100000, guid: 6cf1e1a698aeb094e8efe815b04cb07d, type: 2}
    m_RemovedComponents: []
  m_SourcePrefab: {fileID: 100100000, guid: 5862bbfe91a75054ca72c13b555b6ac5, type: 3}
--- !u!1001 &1862560790
PrefabInstance:
  m_ObjectHideFlags: 0
  serializedVersion: 2
  m_Modification:
    m_TransformParent: {fileID: 0}
    m_Modifications:
    - target: {fileID: 6426787545624524634, guid: 6698c9a202af3424b881d5d2a6966c41, type: 3}
      propertyPath: m_Name
      value: ZombieEnemy (4)
      objectReference: {fileID: 0}
    - target: {fileID: 6426787545624524638, guid: 6698c9a202af3424b881d5d2a6966c41, type: 3}
      propertyPath: m_RootOrder
      value: 16
      objectReference: {fileID: 0}
    - target: {fileID: 6426787545624524638, guid: 6698c9a202af3424b881d5d2a6966c41, type: 3}
      propertyPath: m_LocalScale.x
      value: 5.0554767
      objectReference: {fileID: 0}
    - target: {fileID: 6426787545624524638, guid: 6698c9a202af3424b881d5d2a6966c41, type: 3}
      propertyPath: m_LocalScale.y
      value: 4.4039083
      objectReference: {fileID: 0}
    - target: {fileID: 6426787545624524638, guid: 6698c9a202af3424b881d5d2a6966c41, type: 3}
      propertyPath: m_LocalScale.z
      value: 2.4196625
      objectReference: {fileID: 0}
    - target: {fileID: 6426787545624524638, guid: 6698c9a202af3424b881d5d2a6966c41, type: 3}
      propertyPath: m_LocalPosition.x
      value: 157.22845
      objectReference: {fileID: 0}
    - target: {fileID: 6426787545624524638, guid: 6698c9a202af3424b881d5d2a6966c41, type: 3}
      propertyPath: m_LocalPosition.y
      value: -6.0554276
      objectReference: {fileID: 0}
    - target: {fileID: 6426787545624524638, guid: 6698c9a202af3424b881d5d2a6966c41, type: 3}
      propertyPath: m_LocalPosition.z
      value: 95
      objectReference: {fileID: 0}
    - target: {fileID: 6426787545624524638, guid: 6698c9a202af3424b881d5d2a6966c41, type: 3}
      propertyPath: m_LocalRotation.w
      value: 1
      objectReference: {fileID: 0}
    - target: {fileID: 6426787545624524638, guid: 6698c9a202af3424b881d5d2a6966c41, type: 3}
      propertyPath: m_LocalRotation.x
      value: -0
      objectReference: {fileID: 0}
    - target: {fileID: 6426787545624524638, guid: 6698c9a202af3424b881d5d2a6966c41, type: 3}
      propertyPath: m_LocalRotation.y
      value: -0
      objectReference: {fileID: 0}
    - target: {fileID: 6426787545624524638, guid: 6698c9a202af3424b881d5d2a6966c41, type: 3}
      propertyPath: m_LocalRotation.z
      value: -0
      objectReference: {fileID: 0}
    - target: {fileID: 6426787545624524638, guid: 6698c9a202af3424b881d5d2a6966c41, type: 3}
      propertyPath: m_LocalEulerAnglesHint.x
      value: 0
      objectReference: {fileID: 0}
    - target: {fileID: 6426787545624524638, guid: 6698c9a202af3424b881d5d2a6966c41, type: 3}
      propertyPath: m_LocalEulerAnglesHint.y
      value: 0
      objectReference: {fileID: 0}
    - target: {fileID: 6426787545624524638, guid: 6698c9a202af3424b881d5d2a6966c41, type: 3}
      propertyPath: m_LocalEulerAnglesHint.z
      value: 0
      objectReference: {fileID: 0}
    m_RemovedComponents: []
  m_SourcePrefab: {fileID: 100100000, guid: 6698c9a202af3424b881d5d2a6966c41, type: 3}
--- !u!1001 &1908622534
PrefabInstance:
  m_ObjectHideFlags: 0
  serializedVersion: 2
  m_Modification:
    m_TransformParent: {fileID: 0}
    m_Modifications:
    - target: {fileID: 6426787545624524634, guid: 6698c9a202af3424b881d5d2a6966c41, type: 3}
      propertyPath: m_Name
      value: ZombieEnemy (6)
      objectReference: {fileID: 0}
    - target: {fileID: 6426787545624524638, guid: 6698c9a202af3424b881d5d2a6966c41, type: 3}
      propertyPath: m_RootOrder
      value: 18
      objectReference: {fileID: 0}
    - target: {fileID: 6426787545624524638, guid: 6698c9a202af3424b881d5d2a6966c41, type: 3}
      propertyPath: m_LocalScale.x
      value: 5.0554767
      objectReference: {fileID: 0}
    - target: {fileID: 6426787545624524638, guid: 6698c9a202af3424b881d5d2a6966c41, type: 3}
      propertyPath: m_LocalScale.y
      value: 4.4039083
      objectReference: {fileID: 0}
    - target: {fileID: 6426787545624524638, guid: 6698c9a202af3424b881d5d2a6966c41, type: 3}
      propertyPath: m_LocalScale.z
      value: 2.4196625
      objectReference: {fileID: 0}
    - target: {fileID: 6426787545624524638, guid: 6698c9a202af3424b881d5d2a6966c41, type: 3}
      propertyPath: m_LocalPosition.x
      value: 130.07155
      objectReference: {fileID: 0}
    - target: {fileID: 6426787545624524638, guid: 6698c9a202af3424b881d5d2a6966c41, type: 3}
      propertyPath: m_LocalPosition.y
      value: -6.6
      objectReference: {fileID: 0}
    - target: {fileID: 6426787545624524638, guid: 6698c9a202af3424b881d5d2a6966c41, type: 3}
      propertyPath: m_LocalPosition.z
      value: 95
      objectReference: {fileID: 0}
    - target: {fileID: 6426787545624524638, guid: 6698c9a202af3424b881d5d2a6966c41, type: 3}
      propertyPath: m_LocalRotation.w
      value: 1
      objectReference: {fileID: 0}
    - target: {fileID: 6426787545624524638, guid: 6698c9a202af3424b881d5d2a6966c41, type: 3}
      propertyPath: m_LocalRotation.x
      value: -0
      objectReference: {fileID: 0}
    - target: {fileID: 6426787545624524638, guid: 6698c9a202af3424b881d5d2a6966c41, type: 3}
      propertyPath: m_LocalRotation.y
      value: -0
      objectReference: {fileID: 0}
    - target: {fileID: 6426787545624524638, guid: 6698c9a202af3424b881d5d2a6966c41, type: 3}
      propertyPath: m_LocalRotation.z
      value: -0
      objectReference: {fileID: 0}
    - target: {fileID: 6426787545624524638, guid: 6698c9a202af3424b881d5d2a6966c41, type: 3}
      propertyPath: m_LocalEulerAnglesHint.x
      value: 0
      objectReference: {fileID: 0}
    - target: {fileID: 6426787545624524638, guid: 6698c9a202af3424b881d5d2a6966c41, type: 3}
      propertyPath: m_LocalEulerAnglesHint.y
      value: 0
      objectReference: {fileID: 0}
    - target: {fileID: 6426787545624524638, guid: 6698c9a202af3424b881d5d2a6966c41, type: 3}
      propertyPath: m_LocalEulerAnglesHint.z
      value: 0
      objectReference: {fileID: 0}
    m_RemovedComponents: []
  m_SourcePrefab: {fileID: 100100000, guid: 6698c9a202af3424b881d5d2a6966c41, type: 3}
--- !u!1001 &2210084243898374124
PrefabInstance:
  m_ObjectHideFlags: 0
  serializedVersion: 2
  m_Modification:
    m_TransformParent: {fileID: 0}
    m_Modifications:
    - target: {fileID: 2210084243873029702, guid: 97ce1e557627ebd44954252cb7ce0c6e, type: 3}
      propertyPath: m_Name
      value: UI
      objectReference: {fileID: 0}
    - target: {fileID: 2210084243873029703, guid: 97ce1e557627ebd44954252cb7ce0c6e, type: 3}
      propertyPath: m_RootOrder
      value: 3
      objectReference: {fileID: 0}
    - target: {fileID: 2210084243873029703, guid: 97ce1e557627ebd44954252cb7ce0c6e, type: 3}
      propertyPath: m_LocalPosition.x
      value: 0
      objectReference: {fileID: 0}
    - target: {fileID: 2210084243873029703, guid: 97ce1e557627ebd44954252cb7ce0c6e, type: 3}
      propertyPath: m_LocalPosition.y
      value: 0
      objectReference: {fileID: 0}
    - target: {fileID: 2210084243873029703, guid: 97ce1e557627ebd44954252cb7ce0c6e, type: 3}
      propertyPath: m_LocalPosition.z
      value: 0
      objectReference: {fileID: 0}
    - target: {fileID: 2210084243873029703, guid: 97ce1e557627ebd44954252cb7ce0c6e, type: 3}
      propertyPath: m_LocalRotation.w
      value: 1
      objectReference: {fileID: 0}
    - target: {fileID: 2210084243873029703, guid: 97ce1e557627ebd44954252cb7ce0c6e, type: 3}
      propertyPath: m_LocalRotation.x
      value: 0
      objectReference: {fileID: 0}
    - target: {fileID: 2210084243873029703, guid: 97ce1e557627ebd44954252cb7ce0c6e, type: 3}
      propertyPath: m_LocalRotation.y
      value: 0
      objectReference: {fileID: 0}
    - target: {fileID: 2210084243873029703, guid: 97ce1e557627ebd44954252cb7ce0c6e, type: 3}
      propertyPath: m_LocalRotation.z
      value: 0
      objectReference: {fileID: 0}
    - target: {fileID: 2210084243873029703, guid: 97ce1e557627ebd44954252cb7ce0c6e, type: 3}
      propertyPath: m_LocalEulerAnglesHint.x
      value: 0
      objectReference: {fileID: 0}
    - target: {fileID: 2210084243873029703, guid: 97ce1e557627ebd44954252cb7ce0c6e, type: 3}
      propertyPath: m_LocalEulerAnglesHint.y
      value: 0
      objectReference: {fileID: 0}
    - target: {fileID: 2210084243873029703, guid: 97ce1e557627ebd44954252cb7ce0c6e, type: 3}
      propertyPath: m_LocalEulerAnglesHint.z
      value: 0
      objectReference: {fileID: 0}
    m_RemovedComponents: []
  m_SourcePrefab: {fileID: 100100000, guid: 97ce1e557627ebd44954252cb7ce0c6e, type: 3}
--- !u!1001 &4313654506629611691
PrefabInstance:
  m_ObjectHideFlags: 0
  serializedVersion: 2
  m_Modification:
    m_TransformParent: {fileID: 0}
    m_Modifications:
    - target: {fileID: 4313654506534871996, guid: 5e35cfa081012ae47aef53192f2bc0b6, type: 3}
      propertyPath: m_RootOrder
      value: 1
      objectReference: {fileID: 0}
    - target: {fileID: 4313654506534871996, guid: 5e35cfa081012ae47aef53192f2bc0b6, type: 3}
      propertyPath: m_LocalPosition.x
      value: 0
      objectReference: {fileID: 0}
    - target: {fileID: 4313654506534871996, guid: 5e35cfa081012ae47aef53192f2bc0b6, type: 3}
      propertyPath: m_LocalPosition.y
      value: 0
      objectReference: {fileID: 0}
    - target: {fileID: 4313654506534871996, guid: 5e35cfa081012ae47aef53192f2bc0b6, type: 3}
      propertyPath: m_LocalPosition.z
      value: 0
      objectReference: {fileID: 0}
    - target: {fileID: 4313654506534871996, guid: 5e35cfa081012ae47aef53192f2bc0b6, type: 3}
      propertyPath: m_LocalRotation.w
      value: 1
      objectReference: {fileID: 0}
    - target: {fileID: 4313654506534871996, guid: 5e35cfa081012ae47aef53192f2bc0b6, type: 3}
      propertyPath: m_LocalRotation.x
      value: -0
      objectReference: {fileID: 0}
    - target: {fileID: 4313654506534871996, guid: 5e35cfa081012ae47aef53192f2bc0b6, type: 3}
      propertyPath: m_LocalRotation.y
      value: -0
      objectReference: {fileID: 0}
    - target: {fileID: 4313654506534871996, guid: 5e35cfa081012ae47aef53192f2bc0b6, type: 3}
      propertyPath: m_LocalRotation.z
      value: -0
      objectReference: {fileID: 0}
    - target: {fileID: 4313654506534871996, guid: 5e35cfa081012ae47aef53192f2bc0b6, type: 3}
      propertyPath: m_LocalEulerAnglesHint.x
      value: 0
      objectReference: {fileID: 0}
    - target: {fileID: 4313654506534871996, guid: 5e35cfa081012ae47aef53192f2bc0b6, type: 3}
      propertyPath: m_LocalEulerAnglesHint.y
      value: 0
      objectReference: {fileID: 0}
    - target: {fileID: 4313654506534871996, guid: 5e35cfa081012ae47aef53192f2bc0b6, type: 3}
      propertyPath: m_LocalEulerAnglesHint.z
      value: 0
      objectReference: {fileID: 0}
    - target: {fileID: 4313654506534871997, guid: 5e35cfa081012ae47aef53192f2bc0b6, type: 3}
      propertyPath: m_Name
      value: Enviroment
      objectReference: {fileID: 0}
    - target: {fileID: 4313654506930914763, guid: 5e35cfa081012ae47aef53192f2bc0b6, type: 3}
      propertyPath: m_LocalPosition.x
      value: -42.1
      objectReference: {fileID: 0}
    - target: {fileID: 4313654506930914763, guid: 5e35cfa081012ae47aef53192f2bc0b6, type: 3}
      propertyPath: m_LocalPosition.y
      value: -8
      objectReference: {fileID: 0}
    - target: {fileID: 4313654506930914763, guid: 5e35cfa081012ae47aef53192f2bc0b6, type: 3}
      propertyPath: m_LocalPosition.z
      value: -12.9
      objectReference: {fileID: 0}
    - target: {fileID: 4313654506930914763, guid: 5e35cfa081012ae47aef53192f2bc0b6, type: 3}
      propertyPath: m_LocalRotation.w
      value: 0.7552073
      objectReference: {fileID: 0}
    - target: {fileID: 4313654506930914763, guid: 5e35cfa081012ae47aef53192f2bc0b6, type: 3}
      propertyPath: m_LocalRotation.x
      value: 0.14594878
      objectReference: {fileID: 0}
    - target: {fileID: 4313654506930914763, guid: 5e35cfa081012ae47aef53192f2bc0b6, type: 3}
      propertyPath: m_LocalRotation.y
      value: 0.62558836
      objectReference: {fileID: 0}
    - target: {fileID: 4313654506930914763, guid: 5e35cfa081012ae47aef53192f2bc0b6, type: 3}
      propertyPath: m_LocalRotation.z
      value: -0.13038471
      objectReference: {fileID: 0}
    - target: {fileID: 4313654506930914763, guid: 5e35cfa081012ae47aef53192f2bc0b6, type: 3}
      propertyPath: m_LocalEulerAnglesHint.x
      value: 22.555
      objectReference: {fileID: 0}
    - target: {fileID: 4313654506930914763, guid: 5e35cfa081012ae47aef53192f2bc0b6, type: 3}
      propertyPath: m_LocalEulerAnglesHint.y
      value: 79.097
      objectReference: {fileID: 0}
    - target: {fileID: 4313654506930914763, guid: 5e35cfa081012ae47aef53192f2bc0b6, type: 3}
      propertyPath: m_LocalEulerAnglesHint.z
      value: -0.889
      objectReference: {fileID: 0}
    m_RemovedComponents: []
  m_SourcePrefab: {fileID: 100100000, guid: 5e35cfa081012ae47aef53192f2bc0b6, type: 3}
--- !u!1001 &4645006884928751730
PrefabInstance:
  m_ObjectHideFlags: 0
  serializedVersion: 2
  m_Modification:
    m_TransformParent: {fileID: 0}
    m_Modifications:
    - target: {fileID: 4645006884159972048, guid: 2065a2989616ab9408d31883f8da0761, type: 3}
      propertyPath: m_Name
      value: Hitsparks
      objectReference: {fileID: 0}
    - target: {fileID: 4645006884160339696, guid: 2065a2989616ab9408d31883f8da0761, type: 3}
      propertyPath: m_RootOrder
      value: 2
      objectReference: {fileID: 0}
    - target: {fileID: 4645006884160339696, guid: 2065a2989616ab9408d31883f8da0761, type: 3}
      propertyPath: m_LocalPosition.x
      value: -49.471714
      objectReference: {fileID: 0}
    - target: {fileID: 4645006884160339696, guid: 2065a2989616ab9408d31883f8da0761, type: 3}
      propertyPath: m_LocalPosition.y
      value: 0.66296387
      objectReference: {fileID: 0}
    - target: {fileID: 4645006884160339696, guid: 2065a2989616ab9408d31883f8da0761, type: 3}
      propertyPath: m_LocalPosition.z
      value: -10.274174
      objectReference: {fileID: 0}
    - target: {fileID: 4645006884160339696, guid: 2065a2989616ab9408d31883f8da0761, type: 3}
      propertyPath: m_LocalRotation.w
      value: 1
      objectReference: {fileID: 0}
    - target: {fileID: 4645006884160339696, guid: 2065a2989616ab9408d31883f8da0761, type: 3}
      propertyPath: m_LocalRotation.x
      value: 0
      objectReference: {fileID: 0}
    - target: {fileID: 4645006884160339696, guid: 2065a2989616ab9408d31883f8da0761, type: 3}
      propertyPath: m_LocalRotation.y
      value: 0
      objectReference: {fileID: 0}
    - target: {fileID: 4645006884160339696, guid: 2065a2989616ab9408d31883f8da0761, type: 3}
      propertyPath: m_LocalRotation.z
      value: 0
      objectReference: {fileID: 0}
    - target: {fileID: 4645006884160339696, guid: 2065a2989616ab9408d31883f8da0761, type: 3}
      propertyPath: m_LocalEulerAnglesHint.x
      value: 0
      objectReference: {fileID: 0}
    - target: {fileID: 4645006884160339696, guid: 2065a2989616ab9408d31883f8da0761, type: 3}
      propertyPath: m_LocalEulerAnglesHint.y
      value: 0
      objectReference: {fileID: 0}
    - target: {fileID: 4645006884160339696, guid: 2065a2989616ab9408d31883f8da0761, type: 3}
      propertyPath: m_LocalEulerAnglesHint.z
      value: 0
      objectReference: {fileID: 0}
    m_RemovedComponents: []
  m_SourcePrefab: {fileID: 100100000, guid: 2065a2989616ab9408d31883f8da0761, type: 3}
